3225 4734
696 216 902 280 ...19-..2

331 390 361 475 I,
383 395 423 458 98
451 386 597 478 εδμενάς
619 393 645 458 τ’
669 390 728 460 οἶν
751 388 854 461 αύτδν
875 394 998 481 (deum)
1023 394 1280 480 προσδέχεσθαι
1302 390 1361 484 την

248 505 378 564 θυσίαν
400 500 585 587 παρεκάλει
607 505 662 581 (su.
678 500 807 587 Νιύεος)
830 508 887 567 καὶ
909 502 1075 587 μηδεμίαν
1098 499 1198 588 ἀργην
1220 500 1280 569 ἐπὶ
1302 504 1360 589 την

249 616 309 690 γην
331 601 450 692 ὁμοίαν
470 609 605 690 βαλεῖν,
632 603 723 685 ὅπως
745 607 856 693 ἔργοις
877 633 913 673 τε
935 618 1005 683 τοῖς
1023 608 1142 693 ταύτης
1164 613 1358 695 προσλιπα-

250 721 383 798 ροῦντες
399 713 566 796 (homines)
584 719 642 779 καῖ
664 713 781 790 πόλεις
805 709 1054 802 ἀναστήσαντες
1077 713 1282 800 εἱδαιμύνως
1304 720 1361 802 ζην

249 817 358 901 ἔχοιεν
385 825 442 884 καῖ
469 819 610 904 μηδενὸς
637 816 681 886 ὧν
707 827 763 886 καὶ
793 822 860 906 πρὸ
893 831 949 907 τῆς
975 819 1164 908 ἐπομβρίας
1186 820 1360 888 ἀπέλαυον

250 921 498 1011 ύστερησειαν
520 922 672 1008 ἀγαθῶν.
703 929 753 993 Sic
770 929 894 1010 Naber;
915 929 1057 994 Niesius:
1080 925 1255 1010 ὑστερῶσι,
1277 930 1359 1012 quud

250 1035 392 1114 (praeter
413 1035 504 1111 MSP,
528 1034 580 1115 qui
602 1035 720 1100 habent
743 1035 949 1121 ὑστερήσειν)
972 1036 1094 1101 codices
1113 1036 1275 1117 praebent.

333 1140 504 1218 Quaeritur
533 1160 607 1204 nunt
636 1141 720 1221 apud
740 1141 909 1222 losephum
931 1147 1004 1222 post
1026 1139 1133 1220 ὅπως,
1160 1144 1217 1207 ἵνα
1246 1144 1360 1208 similia

250 1246 300 1310 uel
329 1248 454 1312 omnino
480 1248 511 1311 in
541 1246 736 1311 secundariis
757 1249 943 1326 sententia,
973 1249 1025 1313 ubi
1047 1249 1132 1312 inter
1154 1249 1230 1314 duos
1252 1250 1359 1315 modos

251 1352 324 1433 eligi
342 1354 427 1432 licet,
450 1353 612 1418 modorum
631 1352 765 1418 mutatio
780 1352 847 1433 fiat,
868 1355 896 1418 ai
911 1354 1132 1419 coordinantur
1148 1355 1243 1420 rerba
1257 1356 1358 1436 plura.

334 1461 517 1542 Aequalitas
540 1461 701 1525 modorum
724 1460 773 1524 his
795 1461 872 1525 lucis
893 1468 958 1524 est:

335 1569 422 1632 Anat.
435 1567 458 1645 l,
473 1569 533 1631 110
559 1575 619 1631 τοῦ
636 1565 673 1630 δὲ
687 1571 774 1630 θεοῦ
790 1564 1010 1642 κελεύσαντος
1025 1564 1141 1642 αύτοῖς
1157 1609 1194 1617 —
1211 1571 1360 1634 στέλλειν

253 1666 414 1747 ἀποικίας
446 1673 503 1736 ἵνα
533 1670 576 1756 μη
594 1654 850 1749 ’στασιάζοιεν
884 1671 969 1754 πρὸς
998 1669 1159 1757 ἀλλήλους
1186 1671 1271 1739 ἀλλά
1300 1685 1360 1762 γῆν

253 1774 378 1860 πολλὴν
406 1779 629 1861 γεωργοῦντες
656 1773 829 1863 ἀφθονίας
855 1772 1089 1845 ἀπολαύοιεν
1116 1789 1179 1844 των
1210 1783 1358 1864 καρπῶν.

252 1883 292 1959 ΙΙ,
313 1885 375 1947 219
399 1882 516 1949 ἔπειτα
535 1884 574 1950 δὲ
590 1884 707 1959 δείσας
720 1878 913 1970 Ἀμαράμης
927 1887 970 1969 μη
984 1885 1178 1971 κατάφωρος
1197 1893 1279 1972 γε’νη
1290 1914 1359 1953 ται

252 1995 308 2054 καῖ
344 1988 458 2055 πεσών
492 1988 561 2058 tat
591 1991 649 2076 την
679 2001 737 2057 τοῦ
772 1994 937 2076 βασιλέως
974 1988 1073 2078 ὀργην
1105 1991 1258 2070 αὑτός-τ’
1290 1988 1358 2061 ἀπ-

253 2094 399 2181 όληται
564 2099 627 2179 IlI,
658 2101 698 2163 16
735 2096 960 2182 (καταπαύειν
997 2096 1118 2184 η’ρξατο
1155 2111 1212 2186 της
1248 2099 1358 2187 ἀργης)

252 2199 453 2287 ἐλέγχεσθαι
470 2204 498 2269 δ’
514 2198 636 2282 αύτούς
652 2202 709 2271 ούκ
725 2200 879 2285 ἀγαθούς
897 2243 928 2251 -
949 2202 1034 2270 ούτω
1053 2244 1088 2253 -
1103 2207 1188 2293 πρὸς
1203 2202 1303 2273 αὐτὸν
1322 2246 1359 2255 -

253 2310 592 2387 διατεθέντας-καῖ
612 2321 716 2378 ταῦτα
738 2312 842 2396 μηδὲν
855 2349 894 2361 —-
911 2312 1189 2397 διαψευσάμενον
1211 2321 1290 2400 περὶ
1312 2310 1360 2380 οἷν

254 2417 365 2481 εἴποι
394 2442 431 2482 τε
455 2423 511 2482 καὶ
532 2421 694 2501 πράττειν
716 2425 785 2482 κατ’
811 2415 949 2503 ἕντολην
969 2428 1029 2483 τοῦ
1053 2423 1137 2485 θεοῦ
1157 2421 1359 2487 κελεύσειε.

252 2523 313 2603 IV,
336 2527 394 2589 311
429 2521 589 2592 ἐδίδασκε
611 2576 618 2591 .
642 2576 649 2591 .
670 2577 677 2591 .
701 2522 743 2603 ὡς
774 2522 817 2591 ἀν
844 2527 880 2592 αἱ
908 2533 1032 2592 θυσίαι
1060 2530 1104 2615 τῷ
1131 2534 1203 2616 θεηῖ
1233 2531 1360 2612 μάλλον

253 2636 490 2717 κεχαρισμέναι
527 2638 713 2714 γένοιντο
749 2638 806 2697 καὶ
849 2630 941 2708 ὅπως
977 2629 1020 2697 ἀν
1056 2632 1088 2698 οῖ
1125 2635 1361 2716 στρατεύοντες

254 2735 402 2810 ἐξίοιεν
434 2744 594 2827 τεκμηρίῳ
626 2737 788 2823 χρώμενοι
822 2746 891 2812 τοῖς
924 2740 1036 2813 λίθοις
1065 2739 1182 2820 (Moses
1211 2741 1359 2822 populum

255 2840 360 2923 duret,
383 2860 444 2924 qun
466 2844 556 2909 modo
579 2863 613 2908 se
635 2862 749 2923 gerere
769 2852 924 2924 oporteat,
949 2846 976 2908 si
998 2844 1209 2910 Palaestinam
1232 2849 1358 2931 capiat).

256 2947 292 3031 V,
310 2952 370 3013 133
397 2948 434 3014 τδ
456 2956 554 3015 θεῖον
575 2946 711 3035 ἀναιρεῖ
729 2960 862 3036 πρώτον
883 2954 944 3034 μὲν
966 2948 1009 3026 ἀς
1031 2959 1232 3036 φείσαιντο
1245 2966 1361 3019 --τῶν

253 3062 474 3134 Χαναναίων,
518 3055 631 3122 ἔπειθ’
668 3052 709 3133 οῖς
742 3055 864 3123 ἐκεῖνοι
899 3057 1106 3142 χρησοιντο
1146 3062 1249 3147 πολλη
1290 3063 1360 3126 κατ’

255 3157 365 3227 αὐτῶν
382 3159 532 3247 ὠμότητι.
575 3164 627 3242 Vl,
651 3168 690 3228 72
714 3165 745 3229 οἱ
773 3165 811 3229 δὲ
832 3165 1021 3249 Γαλαδηνοὶ
1037 3203 1074 3210 -
1089 3161 1210 3251 ἀνοχην
1233 3164 1362 3254 ημερων

255 3261 342 3330 ἑπτά
365 3269 480 3352 λαβεῖν
502 3265 659 3354 ηξίωσαν,
681 3271 738 3334 ἵνα
763 3270 1056 3353 πρεσβευσάμενοι
1078 3272 1163 3359 πρὸς
1185 3274 1261 3349 τούς
1282 3268 1360 3358 δμο-

257 3371 380 3455 φύλους
414 3377 718 3458 παρακαλέσωσι
755 3385 942 3460 συμμαχεῖν
981 3373 1113 3457 αὐτοῖς,
1152 3385 1208 3443 καὶ
1240 3378 1272 3445 εἰ
1302 3384 1363 3465 μὲν

257 3477 353 3545 ἔλθοι
374 3479 539 3565 βοηθεια,
563 3484 791 3567 πολεμῶσιν.
837 3484 911 3562 Vll,
934 3489 974 3550 39
995 3486 1141 3570 Δαυίδης
1163 3488 1191 3551 δ’
1215 3483 1363 3563 ἀκούσας

257 3580 461 3675 ἀνηρημένον
487 3585 544 3651 τάν
566 3585 760 3674 Ἀβέννηρον
788 3585 909 3674 ἤλγησε
935 3595 996 3673 μὲν
1017 3592 1074 3674 την
1096 3591 1223 3681 φυγήν,
1257 3589 1361 3680 ἔμαρ-

257 3688 378 3775 ιύρατο
409 3692 446 3757 δὲ
467 3691 610 3771 πάντας,
633 3688 816 3761 ἀνατείνων
837 3693 885 3771 εἰς
906 3699 963 3762 τὸν
983 3700 1067 3762 θεὸν
1090 3698 1147 3784 την
1170 3699 1286 3774 δεξιάν
1307 3706 1363 3764 καὶ

256 3798 345 3878 βοοῖν
378 3793 419 3874 ὦς
452 3795 527 3864 οὔτε
554 3800 709 3876 κοινωνὸς
738 3802 801 3885 εἴη
830 3810 886 3886 της
902 3796 1099 3890 Ἀβεννηρου
1128 3807 1258 3890 σφαγῆς
1287 3803 1364 3872 ούτε

256 3904 327 3970 κατ’
344 3900 480 3989 ἔντολην
496 3904 589 3970 ἰδίαν
604 3902 817 3972 ἀποθάνοι.
846 3909 930 3987 VIII,
952 3911 1012 3974 237
1037 3911 1153 3987 δείσας
1174 3912 1217 3996 μη
1240 3937 1364 3999 παρευ-

258 4010 491 4097 δοκιμησειεν
512 4005 615 4078 αι’τὸν
637 4013 654 4077 ὃ
678 4015 770 4090 ξένος
793 4013 887 4096 παρά
910 4024 954 4102 τῷ
976 4019 1112 4090 βασιλεῖ
1131 4023 1187 4082 καῖ
1208 4022 1364 4096 πλείονος

257 4114 450 4185 ἀπολαύοι
472 4127 576 4205 τιμης.
628 4120 689 4196 lx,
711 4124 731 4185 9
754 4122 850 4186 τούτο
873 4123 1036 4207 δεηθηναι
1057 4163 1094 4170 -
1115 4121 1239 4204 αὐτοῦ,
1275 4124 1365 4204 ὅπως

257 4223 534 4313 ὑπερμάχηται
557 4237 613 4314 της
635 4227 765 4305 πόλεως
786 4226 912 4315 ἐκείνης
930 4236 987 4296 καὶ
1009 4231 1087 4308 τοάς
1108 4227 1164 4300 ἔπ’
1188 4231 1271 4301 αὐτὰ
1293 4239 1364 4304 τολ-
