3225 4734
735 238 937 302 -20..

283 406 456 493 μησαντας
476 400 593 475 ε’λθεῒν
614 405 821 493 άμόνηται.
863 409 901 488 X,
923 412 963 474 27
987 405 1139 476 ἐκέλευσε
1161 411 1281 496 δηλοῦν
1302 407 1393 500 αέτῷ

285 513 335 579 ότι
362 521 418 579 καὶ
448 513 716 600 διαφεύξεται
745 513 802 599 τὴν
831 514 932 580 νόσον
952 516 1035 600 μετά
1059 524 1170 602 τρίτην
1192 514 1317 603 ἡμέραν
1336 523 1393 583 καὶ

282 621 480 704 βιώσεται
503 619 586 705 μετά
601 619 725 705 ταύτην
740 618 796 705 ἔτη
817 623 1057 687 πεντεκαίδεκα
1079 628 1136 687 καὶ
1159 624 1282 700 παῖδες
1302 619 1393 713 αὐτῷ

283 728 411 812 γενησο
422 752 527 792 νται.
556 727 610 805 ΧΙ,
627 732 655 805 5,
670 730 689 791 6
709 746 737 807 p.
754 729 805 807 28,
821 730 863 791 24
886 723 902 792 ό
925 728 963 794 δὲ
984 729 1143 812 βασιλεὺς
1159 766 1199 774 -
1214 735 1392 796 κατένευσε

282 833 367 921 πρός
388 834 464 909 τοδς
485 833 665 919 σατράπας
686 871 725 880 -
747 841 884 916 κομίσαι
907 834 1104 921 γράμματα,
1127 831 1219 911 ὅπως
1240 843 1335 920 τιμῇς
1356 861 1391 902 τε

282 938 386 1006 αὐτόν
418 939 612 1017 ἀξιώσωσι
647 946 702 1005 καὶ
738 951 857 1006 πᾶσαν
890 942 1117 1028 παράσχωσι
1148 949 1308 1027 χορηγίαν
1344 941 1391 1018 είς

282 1047 371 1133 άπερ
393 1049 560 1132 βούλεται.
602 1047 679 1126 XII,
702 1050 738 1127 2,
762 1051 780 1112 3
802 1067 831 1128 p.
856 1052 911 1128 64,
935 1052 955 1113 5
981 1048 1236 1133 προστάξαντός
1257 1070 1338 1126 σου,
1366 1044 1390 1114 ώ

281 1156 422 1238 βασιλεῦ
444 1154 639 1236 (Demetrius
659 1153 770 1219 scribit
790 1155 972 1220 Ptolemaeo
993 1155 1075 1236 regi)
1097 1162 1179 1241 περί
1197 1180 1232 1220 τε
1255 1164 1320 1220 τῶν
1340 1154 1389 1220 ἔτι

279 1258 464 1326 λειπόντων
484 1297 526 1307 -
545 1259 812 1345 συγγραμμάτων
834 1257 925 1336 ὅπως
947 1265 1135 1349 συναχθῇ,
1156 1266 1213 1325 καὶ
1229 1267 1308 1347 περὶ
1325 1270 1389 1326 τῶν

281 1365 574 1443 διαπεπτωκότων,
598 1362 689 1442 ὅπως
704 1374 760 1450 τῇς
781 1365 922 1451 δεοόσης
945 1363 1140 1449 ἐπιμελείας
1162 1366 1270 1457 τάχη.
1303 1366 1387 1445 ΧΙΙΙ,

280 1476 356 1553 4,9
384 1493 414 1554 p.
443 1475 517 1552 149,
546 1475 585 1537 27
619 1470 801 1558 φρόντισον
834 1468 893 1539 οὖν
926 1474 983 1537 ἵνα
1019 1472 1146 1538 τούτων
1181 1470 1389 1559 ἀντίγραφον

280 1584 438 1664 γένηται
467 1584 524 1643 καὶ
553 1580 659 1668 δοθῇ
684 1575 847 1667 Ἰωνάθη,
880 1583 936 1643 καὶ
965 1574 1002 1643 έν
1029 1577 1182 1667 έπισημιμ
1212 1577 1305 1666 τόπφ
1327 1587 1387 1644 τοῦ

280 1681 379 1766 ἁγίου
402 1686 492 1770 ἱεροῦ
513 1691 619 1774 τεθῇ.
652 1683 735 1764 XIV,
758 1685 787 1762 3,
809 1687 829 1747 2
852 1704 879 1765 μ,
904 1687 974 1762 208,
995 1687 1035 1748 26
1051 1682 1213 1765 Ὑρκανός
1235 1685 1273 1750 δέ
1293 1710 1387 1769 κατη-

279 1794 370 1873 γόρει
399 1788 450 1856 ὅτι
478 1789 703 1877 πρεσβύτερος
732 1785 776 1855 ών
805 1787 1036 1874 ἀφαιρεθείη
1066 1789 1104 1855 τό
1126 1798 1308 1872 πρεσβεῖον
1328 1785 1386 1856 ὑπ’

276 1895 534 1982 Ἀριστοβούλου
562 1902 619 1962 καί
641 1896 757 1983 μικρὸν
779 1895 863 1979 ἔχοι
885 1902 985 1981 μέρος
1006 1903 1061 1980 τῇς
1081 1896 1201 1980 χώρας.
1244 1897 1335 1975 XVI,
1357 1899 1386 1976 6,

279 2009 316 2083 5,
337 2007 376 2068 28
399 2009 452 2084 (ex
473 2003 614 2069 consulto
635 2004 788 2083 Romano)
810 2002 856 2086 (οἱ
874 1999 1047 2083 Ἰουδαῖοι)
1076 1999 1230 2084 ἐνέτυχόν
1248 2028 1306 2086 μοι
1329 2012 1387 2070 νῦν

280 2106 321 2184 ὡς
350 2106 420 2174 Ina
448 2133 545 2174 τινων
567 2108 785 2194 συκοφαντῶν
805 2104 1077 2195 έπηρεάζοιντο
1099 2114 1155 2172 καὶ
1178 2106 1220 2184 ὡς
1241 2105 1278 2174 ἐν
1300 2134 1384 2196 προ-

278 2213 382 2300 φάσει
418 2217 522 2280 τελῶν
555 2214 598 2300 μῇ
636 2212 860 2300 ὀφειλομένων
901 2215 1124 2280 κωλύοιντο.
1168 2215 1272 2293 XVII,
1301 2220 1338 2294 5,
1367 2219 1385 2281 7

276 2341 305 2402 p.
327 2324 382 2400 86,
405 2324 441 2385 31
476 2319 560 2407 πρὸς
589 2320 627 2386 δὲ
653 2313 755 2385 αὐτὸν
782 2316 969 2404 ἐγέγραπτο
990 2316 1230 2407 Ἀντίπατρον,
1258 2322 1381 2386 διασα-

258 2428 402 2513 φοόσης
428 2427 478 2493 ὅτι
499 2465 539 2472 -
562 2422 644 2511 αὓτη
658 2451 693 2491 τε
710 2424 856 2515 γράψειε
878 2429 962 2509 πρὸς
975 2422 1127 2511 Ἡρώδην
1147 2465 1187 2473 -
1209 2433 1265 2493 καὶ
1287 2425 1382 2493 άντί-

275 2559 405 2618 γραφον
421 2547 475 2617 της
491 2583 498 2597 .
513 2583 519 2597 .
534 2583 541 2597 .
556 2530 735 2619 έπιστολῇς
752 2582 801 2598 ...
819 2531 959 2617 αποπέμ
970 2546 1092 2621 ψειεν
1114 2530 1206 2618 αὐτῇ.
1236 2535 1304 2614 XX,
1324 2539 1380 2613 1,1

274 2659 303 2719 p.
319 2642 389 2716 246,
410 2644 445 2703 13
468 2648 572 2705 ταῦτα
588 2638 783 2722 πυθόμενον
802 2640 859 2703 τόν
877 2638 994 2703 Φάδον
1016 2638 1149 2725 σφόδρα
1171 2640 1381 2727 παρώξυνεν,

274 2744 325 2810 ότι
353 2746 397 2828 μη
426 2745 483 2828 την
507 2752 617 2830 κρίσιν
638 2741 726 2834 αὐτῷ
749 2747 1018 2829 παραλίποιεν
1039 2782 1079 2790 -
1102 2743 1172 2812 ἄλλ’
1198 2743 1307 2822 άδειῑς
1328 2744 1379 2831 ἐφ’

275 2848 363 2916 όπλα
385 2852 624 2935 χωρησειαν.

356 2959 417 3023 Vjt.
451 2963 504 3038 49,
541 2964 579 3023 12
612 2967 748 3042 πρώτον
782 2959 839 3042 τῆς
874 2955 1053 3043 έπισιολῇς
1089 2962 1166 3035 τούς
1205 2965 1284 3045 περὶ
1324 2963 1382 3025 τὸν

268 3060 430 3149 Ἰωνάθην
462 3059 728 3149 όπεμίμνησκον,
761 3059 799 3129 ὃν
834 3064 959 3149 τρόπον
990 3065 1187 3154 γράψειαν
1221 3061 1287 3131 ὑπὸ
1321 3068 1381 3132 τοῦ

271 3180 383 3236 κοινοῦ
399 3166 742 3254 τώνἾεροσολυμιτών
763 3175 970 3255 πεπέμφθαι
994 3169 1212 3246 διαλύσοντές
1233 3196 1298 3255 μου
1320 3172 1379 3248 τάς

273 3276 356 3364 πρὸς
384 3275 441 3341 τόν
459 3273 614 3360 Ἰωάννην
636 3277 858 3361 φιλονεικίας,
890 3272 932 3351 ὡς
953 3277 1262 3364 παρακαλέσειάν
1282 3285 1317 3345 τέ
1338 3304 1380 3362 με

271 3382 354 3467 πρὸς
374 3375 495 3458 αιἰτοός
517 3376 716 3467 άφικέσθαι.

353 3492 431 3556 Bell.
452 3491 514 3571 III,
537 3495 575 3571 2,
596 3493 632 3571 3,
656 3495 695 3554 12
724 3490 756 3556 οἱ
786 3492 825 3556 δὲ
854 3496 933 3576 περὶ
961 3489 1019 3556 τόν
1038 3490 1210 3557 ’Λντώνιον
1233 3489 1277 3569 ὡς
1297 3492 1379 3579 μήτε

270 3606 460 3683 τρίβοιντο
489 3602 568 3685 περὶ
598 3598 655 3663 τόν
682 3597 812 3685 πόργον
835 3635 873 3644 -
895 3596 975 3682 μήτε
1004 3601 1110 3676 ζῶντα
1142 3598 1200 3664 τὸν
1231 3597 1377 3684 ἡγεμόνα

268 3713 324 3772 καὶ
341 3704 577 3787 γενναιότατον
592 3705 660 3769 τών
676 3707 846 3788 πολεμίοιν
869 3705 1111 3790 περιίδοιεν,
1134 3703 1378 3793 ὑποπιμπρᾶσι

270 3813 307 3879 τό
330 3822 446 3895 τεῖχος.
481 3812 518 3891 V,
540 3814 569 3893 9,
592 3818 612 3877 4
634 3832 664 3893 p.
686 3815 737 3892 47,
759 3815 800 3877 22
823 3820 953 3896 βοῶντα
976 3820 1057 3895 γοῦν
1077 3812 1135 3878 τόν
1149 3808 1312 3900 Ἱερεμίαν
1335 3809 1377 3890 ὡς

268 3916 506 4003 ἀπέχθοιντο
535 3922 595 4004 μὲν
624 3926 668 4008 τῷ
690 3924 760 4007 θεῷ
783 3918 840 3984 διά
863 3920 923 3994 τοὶς
945 3918 993 3995 εἰς
1014 3916 1119 3984 αὐτόν
1140 3923 1376 4005 πλημμελείας,

268 4021 497 4093 ἁλώσοιντο
522 4026 552 4090 δ’
580 4024 613 4092 εἶ
630 4025 674 4111 μη
697 4026 887 4113 παραδοῖεν
908 4026 967 4111 την
987 4027 1106 4104 πόλιν,
1137 4023 1212 4093 οὗθ’
1236 4025 1253 4093 ὁ
1274 4037 1375 4108 βασι-

265 4132 342 4210 λεδς
364 4131 438 4200 οὔθ’
462 4128 479 4197 ὃ
500 4133 602 4218 δῆμος
624 4128 765 4199 οἶνεῖλεν.

350 4239 433 4306 Item
455 4241 542 4306 Antt.
566 4239 596 4319 Ι,
621 4243 692 4306 223.
736 4241 782 4321 ΙΙ,
813 4243 882 4307 293.
928 4241 987 4322 VI,
1012 4242 1085 4322 1003
1111 4245 1178 4308 194.
1220 4241 1295 4322 VII,
1316 4244 1373 4321 36;
