3225 4734
698 237 905 301 ..25-

249 417 359 490 αύτά.
375 420 459 502 VHI,
482 423 545 488 366
569 415 587 486 ὃ
609 420 638 484 δ’
656 417 797 503 ’Ἀχαβος
819 425 889 495 τοῖς
910 419 1097 505 πρέσβεσιν
1118 412 1272 483 ἐκέλευσε
1295 440 1369 481 ποιί

250 535 405 618 ρεοθείσι
424 530 535 609 λέγειν
553 526 598 615 τῷ
616 528 761 610 βασιλεῖ.
794 525 850 605 ΙΙΙ,
869 526 929 590 137
950 523 1112 600 κελεύσας
1132 518 1249 599 αὐτοῖς
1271 518 1362 589 άπο-

248 646 375 707 κτεῖναι
387 637 466 714 τούς
482 633 778 725 ψευδοπροφήτας.
795 635 864 713 XI,
880 636 909 714 6,
926 636 1012 710 414
1034 634 1079 722 τῷ
1099 632 1138 698 δὲ
1149 632 1362 721 Μαρδοχαίῳ

250 743 327 810 τότε
340 746 402 827 μὲν
419 740 519 809 οὐδὲν
541 740 772 827 παρέσχεν-
793 738 898 818 μόνον
919 740 958 805 δὲ
980 734 1084 805 αὐτοῦ
1106 736 1144 803 τδ
1166 734 1270 821 ὄνομα
1292 746 1371 814 τοῖς·

249 848 291 914 τα
324 844 547 934 ὑπομνήματα
585 851 874 932 συγγραφομένοις
907 841 1062 911 ἐκέλευσε
1088 844 1362 928 σημειώσασθαι.

249 954 357 1033 XVII,
379 958 414 1034 8,
435 956 514 1032 2,9
542 950 688 1037 φάμενοι
716 954 859 1035 βασιλέα
890 950 1037 1017 κελεύειν
1059 945 1224 1016 ἀπιοῦσιν
1246 946 1364 1026 αύτοῖς

250 1059 311 1126 ἐπὶ
342 1059 419 1134 τούς
451 1053 578 1144 άχροδς
609 1062 774 1142 νέμεσθαι
808 1057 850 1122 w*
886 1056 1002 1123 οἰκεῖα.
1046 1060 1083 1135 9,
1105 1061 1141 1133 6,
1163 1060 1204 1121 32
1234 1055 1363 1122 κελεύει

251 1169 362 1248 λέγειν
388 1173 458 1240 τοῖς
483 1166 698 1247 βουλομένοις
728 1164 814 1248 (cum
841 1161 968 1230 κελεύει
997 1163 1260 1245 coniungendum)
1284 1169 1365 1245 περί

252 1281 318 1337 τῶν
338 1268 566 1356 ἕνεστηκύιων.
611 1272 666 1349 10,
689 1271 725 1349 3,
748 1272 789 1334 24
818 1267 859 1334 τά
886 1275 975 1353 τείχη
996 1267 1195 1353 μετήλλευον
1215 1275 1364 1346 καὶτοῖς

252 1378 557 1461 μεταβαλλομένοις
586 1370 739 1442 ἐκέλευον
765 1378 808 1459 μή
834 1371 1059 1458 ἐμποδισταῖς
1080 1373 1168 1440 εἶναι
1189 1384 1250 1461 τοῦ
1273 1371 1363 1441 άπο-

252 1485 445 1572 ληψομένου
469 1517 506 1529 -
529 1477 729 1564 ἐλευθερίαν
760 1480 820 1566 τήν
851 1480 1006 1562 πάτριον.
1050 1482 1141 1559 XIX,
1173 1484 1208 1551 1,
1239 1485 1296 1560 19,
1324 1485 1372 1547 10

253 1589 503 1664 κελεύοντες-
529 1595 574 1675 τῷ
605 1611 642 1653 τε
672 1585 764 1676 δήμω
796 1592 854 1651 καὶ
880 1595 950 1662 τοῖς
983 1586 1204 1672 στρατιώταις
1235 1584 1295 1654 ἐπὶ
1321 1587 1362 1652 τά

253 1690 366 1759 αύτῶν
387 1690 539 1758 ἀπιέναι.
587 1693 657 1772 XX,
679 1697 709 1771 5,
730 1697 760 1772 4,
783 1696 802 1756 3
823 1691 982 1769 κελεύσας
1004 1688 1118 1769 αι’τοῖς
1140 1697 1200 1769 τοὶς
1222 1695 1366 1777 πλησίον

253 1800 364 1885 κώμας
385 1798 589 1883 διαρπάσαι.

337 1907 402 1971 vit.
424 1909 481 1985 45,
504 1909 521 1968 1
544 1902 716 1971 κελεύουσι
736 1912 805 1979 τοῖς
827 1905 897 1987 μετ’
920 1900 1030 1971 αὐτῶν
1050 1899 1204 1980 ὁπλίταις
1225 1903 1367 1971 τύπτειν

253 2050 296 2059 -
319 2012 397 2087 τούς
430 2018 675 2090 καταβοῶντας.
726 2016 782 2088 61,
810 2014 851 2074 32
882 2008 947 2092 ἐγώ
981 2011 1019 2077 δὲ
1040 2047 1082 2056 -
1102 2007 1261 2076 ἐκέλευσα
1297 2020 1367 2088 τοῖς

256 2112 403 2199 πλήθεσι
425 2114 510 2197 πρὸς
533 2112 690 2197 Σωχάνην
710 2112 822 2197 κώμην
842 2112 1005 2178 ἕπεσθαι.

295 2270 299 2281 .
339 2221 416 2286 Bell.
440 2221 471 2300 Ι,
494 2222 530 2299 6,
553 2221 590 2298 5,
612 2220 707 2283 26..
729 2215 938 2293 ἐξίστασθαί
956 2243 993 2285 τε
1013 2227 1081 2284 τών
1102 2226 1272 2305 φρουρίων
1293 2218 1365 2287 ἐκέ-

253 2327 372 2391 λευσεν
396 2322 496 2414 αύτῷ.
530 2329 558 2405 7,
580 2327 610 2404 6,
631 2326 673 2389 25
694 2330 852 2411 καθᾶραί
871 2348 907 2391 τε
929 2323 966 2389 τδ
989 2323 1079 2409 ἱερὸν
1098 2335 1169 2402 τοῖς
1192 2324 1367 2411 νεωκόροις

251 2427 415 2497 ἐκέλευσε.
449 2435 499 2508 11,
518 2433 538 2494 2
561 2431 602 2497 in.
625 2432 808 2496 κελευσθὲν
830 2430 869 2495 δὲ
890 2435 948 2494 καὶ
964 2426 1143 2507 Ἰουδαίοις
1166 2431 1368 2511 εἰσενεγκεῖν

252 2533 442 2602 ἑπτακόσια
470 2535 628 2602 τάλαντα.
671 2537 728 2616 32,
750 2538 786 2614 3,
810 2539 831 2599 4
849 2536 1005 2625 Νικολάῳ
1026 2573 1067 2582 -
1090 2534 1140 2603 ἑνί
1162 2538 1226 2602 τῶν
1248 2540 1367 2622 φίλων,

250 2644 361 2722 λέγειν
391 2640 452 2718 τάς
482 2639 678 2718 οἷποδείξεις
710 2638 851 2708 ἐκέλευε.
906 2642 952 2719 ΙΙ,
974 2647 1031 2722 14,
1054 2646 1090 2723 8,
1115 2645 1153 2708 12
1185 2643 1316 2718 τούτοις
1349 2618 1367 2709 δ

255 2749 390 2835 Φλῶρος
432 2748 585 2815 έκέλευσε
626 2747 703 2822 τούς
743 2746 1008 2847 λοιδφήσαντοις
1052 2745 1155 2816 αύτδν
1195 2746 1366 2816 ἐκδοῦναι.

251 2859 303 2937 21,
325 2860 354 2936 9,
378 2858 417 2921 10
439 2865 509 2933 τοῖς
531 2856 569 2922 δὲ
590 2854 805 2940 κυβερνήταις
825 2851 980 2922 ἐκέλευσε
1001 2866 1065 2922 τῶν
1087 2859 1257 2941 (σκαφῶν)
1281 2860 1366 2942 πλη-

254 2966 422 3048 ρουμένων
446 2960 505 3027 διά
527 2961 650 3043 τάχους
672 2959 720 3037 εἰς
744 2966 912 3047 Ταριχέας
933 2959 1111 3028 ἀναπλεῖν.
1142 2962 1200 3040 ΙΙΙ,
1215 2968 1244 3044 7,
1262 2967 1309 3044 14,
1328 2967 1366 3028 11

256 3068 373 3150 ἕρπειν
390 3066 432 3133 τά
447 3066 557 3134 πολλοὶ
574 3066 669 3154 παρά
685 3067 746 3144 τάς
765 3067 918 3154 φυλακάς
938 3067 1098 3146 κελεύσας
1119 3078 1189 3146 τοῖς
1210 3069 1371 3136 εἰσιοῦσι.

256 3179 284 3254 7,
310 3177 358 3254 18,
380 3177 401 3238 2
423 3181 492 3250 τοῖς
512 3177 575 3258 μὲν
599 3168 755 3250 ὁπλίταις
776 3176 835 3250 τὰς
857 3170 962 3261 ὁρμάς
985 3168 1094 3242 αύτοῖν
1115 3175 1276 3243 ἐκκλίνειν
1296 3173 1368 3243 ε’κέ-

254 3281 364 3345 λευσε.
406 3279 467 3360 IV,
490 3283 524 3360 2,
546 3284 626 3360 5,5
659 3288 728 3356 τοῖς
756 3280 979 3366 στρατιώταις
1005 3278 1117 3364 ὀλίγον
1149 3284 1209 3349 τοῦ
1241 3290 1371 3367 τείχους

255 3382 491 3472 παρασπάσαι
512 3384 680 3462 κελεύσας.
723 3385 782 3465 VI,
805 3390 842 3465 1,
866 3392 884 3451 7
905 3406 936 3467 p.
961 3389 1017 3467 76,
1040 3389 1080 3451 32
1110 3397 1155 3477 τῷ
1184 3390 1369 3478 σαλπιχκτή

255 3498 433 3576 σημαίνειν
452 3487 641 3557 ἐκέλευσαν.
683 3496 713 3573 4,
741 3495 770 3572 3,
792 3495 834 3557 28
858 3491 918 3569 τάς
941 3490 1046 3570 άλλας
1067 3494 1228 3579 δυνάμεις
1248 3497 1369 3562 διανα-

256 3605 390 3663 παῦσαι
411 3596 572 3674 κελεύσας
595 3607 665 3675 τοῖς
686 3594 855 3684 ήχεμύσιν.
886 3601 915 3678 6,
938 3601 967 3677 3,
990 3601 1032 3664 30
1053 3608 1123 3676 τοῖς
1145 3601 1184 3667 δὲ
1205 3601 1369 3687 στρατιώ-

256 3728 330 3780 ταις
352 3702 565 3791 ἐμπιπράναι
586 3742 625 3753 -
648 3701 802 3772 ἐκέλευσε
824 3705 883 3791 τήν
905 3706 1014 3772 πόλιν.

166 3885 168 3889 ,
339 3809 402 3875 Sed
432 3811 532 3875 multo
563 3811 690 3892 saepius
722 3810 794 3877 huic
827 3810 924 3878 verbo
955 3812 1138 3892 adiungitur
1171 3816 1372 3882 accusativus

256 3932 351 3998 quam
374 3915 508 3982 dativus.
551 3915 666 3982 Velut:
1364 3964 1368 3972 .
1423 3914 1425 3921 '

340 4023 431 4088 Antt.
451 4022 484 4101 Ι,
506 4023 548 4086 40
570 4016 588 4088 ὅ
609 4023 650 4108 δή
673 4030 787 4089 τοίνυν
808 4021 892 4099 θεδς
911 4025 970 4089 τὸν
983 4020 1134 4108 Ἄδαμον
1154 4032 1212 4091 καὶ
1232 4026 1291 4112 τήν
1311 4052 1371 4108 χυ-

258 4135 358 4194 ναῖκα
380 4128 445 4194 τῶν
465 4132 526 4213 μὲν
547 4125 658 4196 ἄλλων
677 4136 792 4214 φυτῶν
813 4126 966 4197 ἐκέλευσε
986 4129 1161 4210 γεύεσθαι.
1207 4132 1247 4213 ΙΙ,
1270 4136 1332 4202 160
1354 4129 1372 4199 ὃ

260 4234 300 4300 δὲ
309 4230 474 4319 Ἰώσηπος
497 4271 535 4284 -
557 4234 684 4301 κελεύει
706 4239 767 4318 μὲν
789 4231 957 4302 ἀπελθεῖν
977 4235 1054 4314 τούς
1068 4234 1251 4320 παρόντας.
1279 4241 1373 4321 ΙΙΙ,8

1142 4344 1160 4398 4
