3225 4734
704 218 911 284 „13-

257 394 394 462 nondum
409 396 485 461 mihi
500 399 628 477 praesto
643 394 787 477 fuerunt3
808 396 896 461 cuius
911 394 1155 477 disputationem
1171 411 1241 459 cum
1256 396 1367 475 postea

258 504 407 585 legerem,
429 503 615 584 planeidem
638 504 725 566 illum
746 504 808 566 iam
832 504 1028 567 existimasse
1050 501 1131 583 quod
1154 520 1205 565 me
1228 501 1356 581 cognovi

258 609 398 674 Primum
426 610 523 690 igitur
552 627 704 673 summam
735 627 843 674 eorum
871 628 952 690 quae
976 608 1054 674 dixit
1075 607 1215 672 afferam.
1261 605 1366 686 Negat

259 722 366 781 autem
393 714 655 795 praepositionem
684 713 732 790 εἰς
753 721 828 780 ante
850 715 963 779 Naida
994 713 1105 779 deesse
1132 712 1257 777 debere.
1301 712 1366 777 Hoc
1429 781 1433 787 ,

260 840 331 887 cum
355 822 477 886 codices
500 821 612 884 docere
634 826 702 885 tum
720 820 820 900 ipsam
841 822 1006 885 rationem.
1035 820 1160 885 Scilicet
1174 838 1235 884 non
1257 817 1366 883 urbem

260 929 326 992 sive
347 945 462 1007 pagum
474 927 575 990 Naida
589 927 775 1006 intellegere
790 928 958 1008 loscplmm
980 926 1036 991 sed
1058 927 1229 1007 regionem,
1252 925 1366 1007 quippe

259 1052 353 1116 quam
375 1031 482 1098 τόπον
505 1041 603 1098 vocet.
645 1032 826 1115 ἱδρύεσθαι
850 1033 967 1111 πόλιν,
996 1032 1104 1119 ἱερόν,
1127 1030 1236 1115 βωμόν
1258 1031 1367 1096 rectis·

260 1143 338 1205 sime
359 1140 435 1219 dici,
459 1137 639 1223 ἱδρύεσθαι
662 1140 785 1218 τόπον,
815 1141 975 1220 regionem
995 1140 1146 1220 condere,
1174 1159 1214 1204 ne
1236 1137 1368 1219 cogitari

259 1246 384 1327 quidem
414 1265 514 1326 posse.
557 1246 678 1310 Nomen
708 1246 789 1322 Κάις
815 1253 995 1327 suspectum
1025 1265 1110 1324 esse,
1144 1247 1217 1328 quia
1244 1245 1367 1326 longius

260 1352 344 1418 absit
357 1352 397 1417 ab
415 1351 568 1437 ἱδριέται
583 1359 617 1417 et
638 1351 678 1415 ad
699 1354 890 1417 sententiam
910 1352 1156 1432 intellegendam
1178 1371 1236 1416 non
1259 1369 1367 1415 neccs-

260 1458 379 1523 sariam
400 1458 455 1537 sit;
477 1459 572 1521 immo
594 1455 679 1532 Κάις
700 1464 883 1539 corruptum
905 1477 974 1523 esse
994 1478 1032 1523 ex
1054 1456 1112 1533 εἰς.

344 1565 401 1630 His
428 1583 529 1645 pauco
547 1564 670 1628 addam.
712 1565 760 1629 Ne
782 1571 850 1630 tum
872 1566 1014 1648 quidem,
1042 1567 1067 1629 si
1089 1564 1242 1645 Iosephus
1272 1562 1367 1627 verbo

261 1672 374 1736 Naida
397 1671 505 1736 urbem
529 1670 730 1751 significaret,
752 1670 800 1747 εἷς
822 1672 932 1737 deesse
955 1672 1096 1738 deberet.
1126 1673 1206 1737 Nam
1222 1672 1249 1736 si
1264 1668 1368 1746 τόπος

261 1777 371 1843 urbem
387 1777 550 1858 significat,
573 1776 753 1861 ἱδρύεσθαι
774 1778 951 1860 significare
972 1799 1032 1843 non
1054 1785 1159 1860 potest
1181 1777 1366 1862 „conderet

261 1883 420 1950 sententia
440 1884 521 1947 enim
545 1902 606 1947 non
628 1889 717 1948 recta
732 1867 833 1950 esset.
861 1884 971 1966 Neque
993 1885 1075 1950 enim
1096 1884 1262 1949 dicendum
1282 1887 1367 1949 erat:

262 1990 333 2055 Oais
355 1988 464 2054 urbem
487 1988 625 2053 condidit
648 1989 764 2069 Naida,
790 2008 872 2072 quae
894 1990 1129 2071 appellabatur,
1152 1997 1186 2055 et
1206 1988 1250 2054 ibi
1271 1989 1368 2054 domi-

262 2098 366 2162 cilium
386 2096 559 2161 collocavit.

345 2202 465 2268 Urbem
491 2202 625 2268 condere
648 2211 698 2268 est
718 2203 874 2269 domicilia
895 2205 1046 2270 collocare
1069 2210 1103 2270 et
1122 2202 1298 2269 hominibus
1319 2202 1365 2266 in-

262 2308 393 2374 colenda
424 2309 567 2388 tradere;
604 2310 776 2374 secundum
809 2330 861 2386 ea,
897 2330 977 2393 quae
1010 2311 1162 2391 Iosephus
1195 2309 1365 2374 memoriae

260 2417 379 2498 prodit,
408 2424 537 2497 praeter
559 2417 713 2482 Adamum
736 2425 768 2484 ct
790 2420 888 2483 Evam
915 2424 948 2483 et
970 2439 1076 2484 eorum
1099 2437 1214 2499 pueros
1235 2419 1268 2510 in
1289 2416 1366 2483 orbe

260 2531 421 2590 terrarum
448 2544 507 2589 non
538 2523 668 2590 luerunt
696 2525 837 2591 homines
858 2527 912 2590 illo
934 2531 1086 2606 tempore.
1130 2523 1248 2604 Quibus
1269 2525 1367 2606 igitur

260 2631 370 2697 urbem
397 2632 592 2697 incolendam
619 2632 710 2698 daret
732 2633 827 2698 Gais?
869 2633 912 2698 At
938 2633 1071 2714 legimus
1101 2630 1252 2715 ἱδρύεται
1282 2631 1366 2716 μετὰ

261 2747 316 2824 τῆς
344 2738 497 2820 γυναικός
524 2744 557 2804 et
587 2738 659 2804 ἕνθ’
689 2737 779 2828 adrui
811 2746 867 2806 nai
899 2741 1022 2816 παῖδες
1054 2737 1222 2821 ἕγὲνοντοῑ
1264 2739 1368 2805 Caidis

260 2846 358 2926 igitur
392 2844 510 2909 familia
543 2851 668 2910 tantum
701 2847 819 2911 incolas
851 2847 923 2911 huic
955 2848 1022 2911 loco
1048 2845 1135 2911 dedit
1165 2851 1199 2910 et
1226 2847 1368 2926 ineptum

262 2957 347 3016 esset
379 2951 418 3016 de
451 2951 611 3016 condendo
644 2951 741 3016 verba
769 2952 883 3018 facere.
906 2991 948 2998 —
982 2955 1024 3018 Et
1056 2959 1163 3016 tamen
1196 2972 1234 3016 ex
1263 2951 1368 3017 verbis

261 3055 367 3123 τόπον
388 3055 474 3122 σύτο
496 3057 712 3143 καλούμενον,
734 3060 759 3124 si
783 3058 888 3135 τόπος
909 3065 994 3124 esset-
1015 3058 1099 3134 urbs,
1122 3064 1368 3138 cognosceretur

262 3163 358 3228 fuisse
386 3165 447 3227 iam
476 3164 600 3240 urbem,
629 3166 702 3246 qnia
721 3166 784 3230 iam
806 3186 919 3230 nomen
941 3165 1090 3244 haberet3
1117 3165 1173 3230 sed
1195 3184 1369 3230 nonomen

262 3266 348 3344 Νόις
374 3269 500 3350 quidem
531 3277 598 3334 tum
625 3271 722 3336 fuisse
745 3272 986 3336 existimandum
1009 3277 1114 3337 estet
1137 3269 1263 3354 ,πόποι
1284 3267 1369 3337 ούτιι

263 3373 487 3455 suatopole
520 3378 791 3458 interpretandum
824 3398 936 3460 „quem
966 3379 1009 3443 sic
1031 3379 1184 3444 vocavit“.
1207 3414 1248 3425 —
1281 3377 1369 3455 Quod

263 3483 290 3548 si
328 3482 507 3566 ἱδρύεσθαι
545 3504 605 3549 non
642 3492 692 3562 est
724 3487 896 3552 condere
926 3487 982 3551 scd
1015 3486 1230 3553 considere
1267 3488 1370 3566 aliuuo

263 3590 338 3668 loco,
359 3587 407 3665 εἰς
428 3589 537 3654 deesse
560 3610 620 3654 non
642 3591 746 3657 debet.
786 3592 949 3673 Nusquam
965 3593 1046 3657 enim
1061 3592 1230 3673 inlosephi
1244 3593 1370 3672 scriptis

262 3696 453 3778 praepositio
475 3704 549 3761 ante
570 3717 683 3762 nomen
704 3698 809 3779 oppidi
831 3700 997 3765 omittitur.

348 3803 478 3867 Accedit
510 3805 591 3884 quod
615 3802 697 3881 Κάις
732 3806 842 3870 Ναΐδα
875 3808 924 3871 vel
953 3805 1038 3882 Κάις
1066 3805 1115 3882 εἷς
1142 3805 1370 3871 deformissime

264 3914 386 3975 sonant.

347 4015 561 4082 omittendum
596 4037 671 4098 crgo
698 4017 783 4094 Κόις
812 4026 845 4084 et
872 4017 1056 4101 legendum:
1102 4016 1254 4105 ἱδρύεται
1287 4015 1370 4104 μετὰ

265 4130 323 4208 τῆς
345 4121 498 4214 γυναικὸς
520 4123 567 4199 εἰς
589 4123 702 4188 Ναΐδα
