3225 4734
719 192 845 302 ,ηρ
887 272 928 284 ..

270 413 361 478 velut
384 411 616 495 προστάττειν,
640 410 948 499 παρακελεύεσθαι.
962 448 1004 460 -
1025 412 1176 479 similiter
1186 412 1275 479 Antt.
1286 413 1327 492 X,
1339 415 1382 480 50

172 553 174 557 ν
272 514 415 603 παρῄνει
428 526 485 601 της
496 523 652 603 περὶτῶν
675 516 822 584 εἰδώλων
843 515 997 603 δόξης-
1014 512 1247 595 ἀποστάντας
1269 521 1383 602 σέβειν

207 649 209 654 ·
272 622 330 689 τόν
351 622 498 706 πάτριον
518 621 612 690 θεόν.
1216 606 1218 613 ¹

356 809 469 903 Itaque
500 827 562 874 non
591 808 790 890 perspicuum
815 816 879 886 est,
912 826 994 891 quae
1021 807 1116 873 lectio
1137 809 1226 872 Antt.
1249 807 1298 886 ΙΙ,
1321 809 1383 874 110

271 919 362 980 recta
388 915 444 992 sit;
476 932 665 996 quamquam
691 914 801 994 negari
827 933 888 979 non
914 915 984 996 quit
1008 915 1222 979 accusativum
1252 913 1384 1008 propius

272 1020 314 1084 ad
335 1021 505 1085 veritatem
526 1019 687 1085 accedere.

358 1288 401 1365 ΙΙ,
424 1291 479 1354 131
507 1289 541 1353 οἳ
562 1288 601 1354 δὲ
622 1288 739 1370 (Iacobi
760 1287 817 1353 filii
838 1287 964 1354 domum
986 1307 1024 1353 ex
1045 1288 1191 1369 Aegypto
1211 1287 1383 1353 redeuntes

273 1410 345 1457 curn
374 1393 414 1459 ab
436 1395 602 1476 Aegyptiis
632 1393 789 1476 equitibus
821 1393 997 1460 consecutis
1028 1393 1106 1459 furti
1139 1392 1381 1475 damnarentur)

273 1497 333 1582 την
349 1497 489 1584 ἔρευναν
501 1503 562 1582 μέν
584 1494 732 1584 ἠξίωσαν
755 1497 985 1583 ποιήσασθαι,
1005 1498 1065 1584 την
1085 1502 1199 1582 μέντοι
1221 1504 1384 1582 τιμωρίαν

273 1604 347 1682 ἑνός
362 1605 511 1691 ἔφασκον
528 1605 616 1673 εἶναι
630 1609 688 1674 τοῦ
709 1609 767 1692 την
788 1608 915 1673 κλοπὺν
935 1601 1135 1688 εὑρεθέντος
1156 1605 1383 1690 πεποιῆσθαι.

275 1714 407 1780 Codices
428 1715 503 1780 SPL
530 1721 564 1780 et
585 1722 734 1797 excerpta
755 1714 911 1796 praebent
928 1719 1164 1798 ·πεποιησθαι;
1196 1714 1230 1777 Μ
1251 1712 1384 1794 praebet

276 1826 515 1886 πεποιεῒσθαι.
558 1821 684 1886 Niesius
711 1825 836 1885 ceteros
861 1827 990 1885 secutus
1012 1822 1242 1903 πεποιημένου
1264 1817 1383 1884 scribit.

358 1922 462 1987 Pauca
496 1924 637 2004 repperi,
671 1941 709 1988 ex
741 1922 854 2005 quibus
883 1931 1091 2004 cognoscatur
1117 1941 1198 2004 quae
1224 1923 1267 1987 sit
1295 1921 1383 1987 verbi

275 2023 442 2113 εὑρίσκειν
469 2029 669 2095 constructio.
712 2028 774 2094 Sed
793 2032 877 2093 hanc
897 2028 1002 2093 omnia
1025 2028 1139 2093 docent
1159 2027 1292 2092 eandem
1314 2046 1384 2092 esse

275 2154 370 2217 quam
404 2136 582 2201 Atticorum
617 2137 637 2199 i.
668 2154 695 2200 e.
731 2130 898 2221 εὑρίσκειν
929 2154 1000 2199 cunr
1032 2133 1197 2215 participio
1229 2135 1382 2214 coniungi.

273 2241 362 2306 Haec
383 2245 471 2305 sunt:

357 2348 445 2411 Antt.
473 2345 502 2424 I,
533 2349 590 2410 197
622 2347 727 2427 angeli
759 2346 813 2428 qui
844 2345 883 2410 ad
911 2343 1082 2409 Abramum
1111 2350 1266 2408 venerant
1292 2340 1383 2429 η’ξειν

275 2449 410 2535 ἔφασαν
437 2450 485 2527 εἰς
511 2450 548 2516 τό
578 2453 698 2535 μέλλον
720 2448 820 2532 (ἔτος)
841 2455 898 2515 καὶ
920 2446 1073 2534 εὑρήσειν
1095 2446 1199 2535 αὑτην
1220 2450 1384 2538 (Σάρραν)

274 2552 335 2640 ἤδη
356 2563 481 2644 μητέρα
503 2561 728 2641 γεγενημένην.
771 2559 834 2621 270
854 2560 1018 2640 φοβηθεὶς
1039 2554 1196 2634 (Iacobus)
1217 2555 1277 2642 μη,
1301 2563 1384 2641 πρὶν

274 2668 437 2744 γενέσθαι
462 2662 522 2738 τάς
547 2657 662 2745 εὐχάς,
690 2657 844 2747 εὑρεθεὶς
870 2669 1156 2743 κακουργῶν
1182 2662 1384 2748 παροξύνειε

274 2767 332 2833 τόν
364 2773 552 2852 πατέρα..
596 2771 656 2833 318
682 2772 701 2831 ‘.
723 2817 731 2831 .
755 2762 880 2832 άδικῶν
913 2761 1013 2841 αὑτός
1044 2761 1089 2830 άν
1121 2763 1295 2853 εὑρεθείης
1320 2769 1383 2832 -’.

273 2873 318 2954 II,
344 2876 401 2938 131
436 2881 510 2939 ante
543 2892 593 2954 ea,
625 2873 665 2938 de
696 2872 808 2955 quibus
840 2873 1051 2953 disputamus:
1088 2868 1152 2937 κάν
1179 2870 1303 2960 εὑρεθῇ
1334 2898 1384 2950 τις

274 2975 482 3071 ὑφῃρημένος
512 2982 582 3061 (τόν
611 2978 751 3064 σκύφον)
870 2978 915 3059 V,
941 2981 1002 3042 217
1040 2977 1228 3064 τριακόσιοι
1262 2976 1384 3066 άνδρες

274 3082 469 3171 ηὑρέθησαν
507 3095 581 3161 ταῖς
614 3091 710 3170 χερσὶ
745 3084 829 3169 μετά
862 3085 970 3170 φόβου
1007 3084 1314 3168 προσενεγκάμενοι
1345 3084 1383 3151 τό

274 3191 362 3275 ὑδωρ
389 3197 648 3276 τεταραγμένως.
691 3192 752 3272 XI,
775 3193 809 3270 λ,
831 3195 866 3270 2,
888 3194 928 3257 19
952 3186 1079 3275 ηὑρέθη
1105 3186 1123 3275 η
1153 3189 1252 3267 πόλις
1275 3189 1382 3279 ἐχθρά

273 3299 476 3381 βασιλεῦσιν
502 3296 558 3365 άεί
586 3303 798 3382 γεγενημένη,
829 3303 886 3362 καὶ
913 3297 1051 3372 στάσεις
1077 3302 1134 3361 καὶ
1161 3300 1329 3382 πολέμους
1351 3299 1385 3365 οὑ

274 3404 480 3480 ἐνοικοῦντες
501 3403 852 3490 πραγματευσάμενοι.
871 3403 957 3482 XII,
977 3408 1011 3483 5,
1034 3406 1054 3466 4
1075 3422 1104 3483 p.
1127 3406 1178 3485 99,
1203 3406 1222 3466 8
1244 3402 1386 3470 κόλασιν

275 3508 467 3596 άπειλησας
488 3511 589 3586 εἴτις
612 3509 707 3598 παρά
730 3518 836 3577 ταῦτα
860 3510 967 3575 ποιῶν
990 3505 1154 3595 εὑρεθείη.
1196 3509 1286 3589 XVI,
1309 3512 1343 3590 9,
1363 3513 1385 3574 2

276 3624 355 3682 extr.
382 3619 486 3682 ταῦτα
514 3620 576 3700 μέν
603 3612 662 3682 οὖν
687 3613 808 3683 ἐκεῖνοι
838 3618 1197 3701 πολυπραγμονοῦντες
1230 3611 1384 3702 εὑρισκον

275 3716 315 3787 οὑ
338 3721 560 3812 ψευδόμενον.
607 3725 660 3803 10,
684 3722 712 3803 7,
734 3725 754 3785 2
783 3717 846 3786 κάν
868 3720 1009 3808 εὑρωσιν
1031 3713 1204 3786 άνόσαντά
1228 3747 1261 3787 τι
1281 3720 1382 3787 Νικό-

273 3830 358 3893 λαον
373 3825 416 3904 ὡς
429 3833 542 3913 μηκέτι
557 3828 647 3917 αότηὺ
662 3828 894 3912 δυσχεραίνειν
908 3834 1066 3910 Καίσαρα
1083 3876 1090 3891 .
1105 3877 1133 3892 ..
1167 3827 1266 3908 XVII,
1277 3831 1307 3905 4,
1321 3829 1350 3906 3,
1364 3831 1383 3891 ‘I

274 3934 501 4020 βασανισθεὶς
522 3932 712 4019 εὑρίσκεται
733 3931 912 4019 φάρμακον
932 3936 1084 4017 κομίζων.

359 4118 508 4200 Sequitur
532 4116 733 4183 scribendum
756 4134 840 4196 esse,
868 4135 929 4198 quo
951 4115 1042 4181 modo
1063 4114 1201 4180 Niesius:
1238 4138 1382 4200 πεποιη-

273 4230 385 4310 μένου.

574 4351 1079 4380 -Ἀ-’Μ-ο-υ--ῌ
