3225 4734
726 269 933 336 -24..

362 448 490 540 μάρτυν
512 447 600 518 εἶναι
679 458 682 465 “

361 567 543 645 μαρτυρεῖν
665 519 733 579 τινί
753 538 842 589 τινος
862 513 1012 597 (Nem),

362 664 548 753 μαρτύριόν
568 672 603 730 τί
623 662 700 732 ἐστί
720 665 809 742 τινός
831 689 930 741 τινος.

362 771 395 836 Si
416 779 473 837 eut
494 791 546 837 res
568 778 694 837 tanturn
717 780 772 839 aut
793 791 929 854 persona
949 772 1116 851 indicatur,
1140 771 1388 836 constructiones

278 874 338 940 hee
360 883 451 942 sunt:

361 993 541 1069 μαρτυρεῖν
562 1010 627 1049 τινι
650 983 833 1070 ίχρηματι),

361 1098 541 1173 μαρτυρεῖν
562 1116 628 1155 τινι
649 1085 862 1180 (οἷνξῖρώπηι),

361 1194 514 1279 μάρτυρα
537 1203 651 1261 ποιεῖν
671 1193 745 1261 τινά
768 1221 869 1273 τινος,

361 1304 512 1388 χρῆσθαί
531 1329 595 1367 τινι
617 1303 764 1389 μα’ρτυρί
783 1327 872 1378 τινος
894 1302 1044 1386 (Neutr.)‚

361 1408 488 1495 μάρτυς
510 1416 559 1486 τίς
579 1406 655 1475 έστί
674 1433 773 1486 τινος.

362 1516 452 1580 Illius
478 1517 605 1597 generis
633 1516 774 1581 crebrius
805 1523 857 1580 esi
878 1524 1058 1602 μαρτυρεῖν
1079 1517 1128 1580 vel
1151 1521 1279 1599 μάρτυν
1300 1512 1390 1579 εἶναί

279 1627 347 1685 τινί
368 1621 491 1702 (Mese.)
513 1647 603 1698 τινος
623 1621 764 1706 (Neutr.)
788 1630 821 1688 ct
844 1623 930 1699 τινος
951 1624 1076 1706 (Mese.)
1100 1648 1165 1687 τινι
1188 1620 1327 1706 (Neutr.)

362 1730 484 1811 Duplex
506 1732 663 1812 genitivus
685 1732 784 1796 semel
805 1738 931 1797 tanturn
952 1732 1112 1813 reperitur
1134 1732 1182 1795 in:
1204 1728 1388 1817 μαρτύριόν

279 1840 313 1899 τί
332 1834 406 1901 ἐστί
425 1837 514 1911 τινός
534 1862 632 1912 τινος.

361 1941 472 2023 Itaque
494 1943 619 2024 quial,
643 1946 703 2008 128
731 1969 806 2028 μου
837 1944 966 2009 dubium
987 1963 1050 2008 non
1072 1949 1131 2025 est,
1154 1944 1280 2008 Niesius
1299 1948 1387 2008 recte

279 2046 405 2114 videtur
427 2048 591 2130 scripsisse
611 2049 737 2134 μάρτυς
761 2050 798 2114 δέ
821 2074 885 2134 μου
907 2058 959 2139 τῷ
981 2047 1096 2140 λόγῳ.

360 2370 406 2449 II,
434 2374 496 2437 110
537 2377 694 2456 Συμεῶνα
732 2371 907 2454 κατασχών
946 2368 1133 2457 (Ἰώσηπος)
1175 2368 1297 2456 ὅμηρον
1331 2377 1387 2453 της

278 2473 449 2543 έπανόδου
466 2487 529 2543 τῶν
544 2475 698 2564 ἀδελφῶν
712 2480 944 2563 γενησόμενον,
967 2475 1114 2555 ἐκείνους
1135 2475 1389 2563 μεταλαβόντας

278 2592 333 2668 της
361 2580 488 2669 οἷχορᾶς
514 2593 572 2650 τοῦ
601 2590 697 2649 σίτου
725 2588 934 2669 προσέταξεν
961 2581 1103 2650 ἀπιέναι
1131 2584 1291 2659 κελεύσας
1313 2581 1388 2647 τόν

278 2685 456 2774 ὑπηρέτην
476 2686 666 2775 τοῖρχύριον,
690 2685 808 2775 ὃπρός
824 2690 881 2774 την
904 2685 988 2776 ώνην
1008 2689 1076 2756 εἶεν
1097 2698 1156 2755 τοῦ
1178 2697 1274 2755 σίτου
1296 2713 1387 2754 κεκο-

277 2795 424 2880 μικότες,
457 2795 566 2883 κρύφα
594 2804 663 2872 τοῖς
692 2804 843 2882 φορτίοις
872 2795 1029 2863 ἐνθέντα
1059 2794 1225 2862 ἀπολύειν
1255 2793 1387 2862 κακεῖνο

277 2907 483 2987 κομίζοντας.
526 2905 652 2969 Niesius
680 2902 790 2968 scribit
820 2901 869 2993 τηῖ
891 2900 1054 2994 ὑπηρέτῃ
1077 2911 1111 2970 et
1132 2904 1280 2970 ἐνθέντι
1288 2934 1297 2983 ,·
1325 2903 1389 2968 Νε-

277 3010 344 3075 beri
372 3009 427 3074 illa
454 3010 548 3074 lectio
577 3011 714 3090 repetita
744 3015 794 3074 est
828 3030 866 3074 cx
899 3010 1055 3076 codicibus
1083 3011 1207 3091 MSPL,
1242 3011 1388 3091 epitome,

279 3117 444 3198 excerptis,

364 3223 442 3287 Cum
463 3223 569 3289 dativo
590 3222 736 3289 κελεύειν
758 3224 806 3289 his
829 3225 904 3289 locis
927 3225 1108 3305 copulatum
1129 3225 1269 3306 repperi:

361 3332 447 3395 Ante.
469 3330 501 3411 l,
523 3332 582 3394 341
603 3326 747 3420 Ἰακώβῳ
769 3332 799 3396 δ’
822 3328 1024 3412 ἐκπλαγέντι
1045 3369 1086 3378 -
1110 3327 1127 3397 ὃ
1150 3331 1231 3408 θεὸς
1253 3368 1290 3376 -
1314 3330 1384 3396 έκέ-

276 3439 374 3502 λευσε
395 3442 549 3522 θαρρεῖν,
572 3432 748 3518 ἁγνίσαντι
771 3438 810 3504 δὲ
840 3438 899 3515 τοῖς
921 3438 1043 3524 σκηναῖς
1063 3444 1191 3514 θυσίας
1209 3434 1386 3503 ἐπιτελεῖν.

276 3543 313 3624 V,
335 3545 396 3607 283
424 3542 595 3619 θύσαντος
623 3541 741 3630 ἔριφον
770 3547 830 3609 τοῦ
851 3544 1022 3627 Μανώχου
1049 3550 1105 3609 καὶ
1132 3554 1253 3610 τοῦτον
1276 3540 1387 3609 ὀπτᾶν

276 3658 315 3740 τῇ
347 3654 477 3732 γυναικὶ
508 3648 737 3727 κελεύσαντος.
787 3655 848 3717 335
881 3649 899 3717 ὁ
932 3653 1063 3729 Βόαζος
1092 3691 1131 3699 —-
1161 3647 1315 3717 έκέλευσε
1348 3659 1386 3740 cpi

276 3762 406 3839 γυναικὶ
439 3752 607 3823 ύπολῦσαι
639 3754 743 3823 αὐτὸν
774 3761 1038 3842 προσελθοῦσαν
1071 3757 1156 3824 κατὰ
1186 3757 1244 3823 τὸν
1272 3755 1384 3842 νόμον.

276 3864 332 3943 VI,
359 3867 417 3928 157
439 3863 620 3954 Σαμουήλῳ
642 3903 684 3911 —
706 3862 917 3931 παύσασθαι
945 3870 1006 3949 μὲν
1035 3875 1091 3951 της
1112 3864 1290 3952 φροντίδος
1312 3863 1383 3930 έκὲ·

275 3974 393 4037 λευσεν
422 3966 438 4036 ὃ
467 3970 558 4048 θεός.
601 3976 662 4037 259
691 3972 817 4039 κελεύει
847 3974 885 4038 δὲ
914 3981 983 4048 τοῖς
1005 3970 1159 4049 ὁπλίταις
1181 3980 1385 4055 περιστᾶσιν

275 4071 376 4143 αὗτόν
399 4116 441 4124 -
467 4073 675 4144 ἀποκτεῖναι.
740 4078 815 4156 VII,
849 4082 909 4144 175
952 4088 1020 4156 τοῖς
1062 4078 1162 4146 ἰδίοις
1198 4076 1382 4156 ἐκέλευσεν,

275 4179 403 4268 ὁπηνίκ’
432 4178 475 4247 οῖν
503 4184 600 4249 ἴδωσι
628 4183 685 4249 τὸν
702 4182 851 4269 Ἀμνῶνα
876 4224 913 4231 ν
937 4195 1101 4271 φονεῦσαι
1154 4189 1213 4251 288
1237 4181 1382 4269 ύπορύτ-

275 4315 345 4369 τειν
372 4287 525 4357 ἐκέλευσε
552 4296 623 4367 τοῖς
649 4291 870 4378 στρατιώταις
898 4298 940 4358 τοὶ
968 4299 1058 4377 τείχη
1080 4297 1136 4356 καὶ
1160 4289 1385 4374 καταβάλλειν
