3225 4734
710 202 895 275 -.a-

250 377 306 469 τῆς
335 379 365 450 δ’
394 373 511 469 αρετῆς
541 376 682 451 ἔπαθλα
710 378 791 470 ὑμῖν
819 381 949 468 μεγάλα
975 390 1082 450 κεῖται
1102 379 1197 471 πρὸς
1223 376 1361 449 ἅπαντα

248 487 307 555 τὸν
337 495 413 572 βίον
445 494 679 575 κτησαμένοις·
714 487 797 575 αὕτη
830 494 869 573 γέ
902 515 953 556 τοι
986 492 1121 574 πρῶτον
1145 487 1289 571 ἆγαθῶν
1321 487 1358 554 τό

249 595 457 683 πρέσβιστόν
483 593 585 664 ἐστιν.
641 596 822 663 Subiectum
849 615 920 662 esse
948 596 1051 663 iudico
1081 598 1118 662 τὸ
1143 600 1360 680 πρέσβιστον,

248 702 466 784 praedicatum
494 701 586 788 αὕτη.
630 704 692 770 Sed
719 703 880 770 sententia
908 702 1047 769 secunda
1073 703 1138 769 non
1167 704 1260 785 plane
1289 723 1360 788 per·

249 800 359 896 spicua
380 821 438 880 est.
1221 884 1224 890 4

329 920 417 986 Idem
441 921 526 988 valet
548 920 611 987 vit.
627 923 678 1002 25,
699 924 736 986 31
762 919 879 997 πόλεις
901 921 931 986 ‹i'
954 913 1166 986 strivarium
1187 918 1358 986 τωνκατοὶ

248 1025 305 1112 τὴν
323 1029 510 1093 Γαλιλαίαν
531 1028 568 1094 αἱ
589 1032 756 1112 μέγισται.
787 1028 1009 1093 Praedicatum
1024 1023 1126 1093 αὗται
1144 1046 1213 1093 esse
1233 1046 1358 1093 censen.

255 1174 261 1204 ι
331 1133 419 1199 Idem
438 1134 523 1200 cadit
543 1136 575 1199 in
596 1134 686 1200 Anto.
704 1134 760 1213 III,
785 1138 845 1200 125
866 1139 922 1199 aui
946 1130 963 1199 ὁ
985 1137 1047 1219 μὲν
1068 1142 1138 1211 πᾶς
1160 1131 1241 1210 varic
1262 1128 1361 1214 ἅγιον

247 1237 414 1319 ἐκαλεῖτο,
442 1240 480 1307 τὰ
509 1242 538 1308 δ’
562 1236 951 1326 teneraetenerae
973 1238 1139 1322 τεττάρων
1159 1239 1278 1306 κιόνων
1299 1240 1361 1307 τοῦ
1396 1223 1400 1249 ἶ

248 1343 348 1430 ἆγίοο
376 1347 413 1414 τὸ
442 1344 550 1430 ἅγιον.
572 1385 614 1398 -
635 1357 694 1416 τοῦ
723 1348 823 1431 ἁγίου
850 1347 887 1414 τὸ
917 1344 1017 1431 ἅγιον
1042 1348 1128 1415 notio
1156 1346 1359 1414 immutabilis

248 1459 298 1520 est
319 1460 352 1520 et
374 1455 463 1537 quasi
485 1454 640 1521 terminus
662 1455 835 1536 technicus,
857 1455 907 1521 cui
921 1454 948 1521 si
964 1453 1117 1520 articulus
1140 1453 1267 1519 deesset
1288 1471 1359 1519 sen-

248 1562 350 1630 tentia
370 1581 432 1628 uon
453 1580 583 1644 prorsus
602 1563 770 1644 perspicua
793 1567 887 1628 esset.

331 1667 482 1734 Similiter
503 1667 596 1748 XIX,
619 1671 648 1748 3,
673 1672 689 1732 1
710 1687 740 1750 p.
762 1670 884 1749 223,2
913 1667 945 1733 οἱ
974 1672 1054 1753 περὶ
1083 1665 1120 1732 τὸ
1142 1663 1360 1751 στρατηγικὸν

246 1772 470 1859 καλούμενον,
501 1771 584 1859 ὅπερ
611 1770 685 1840 ἐστὶ
705 1783 763 1860 τῆς
784 1783 947 1861 στρατιᾶς
969 1773 1006 1840 το
1027 1771 1271 1859 καθαρώτατον
1292 1776 1358 1853 (res

245 1879 406 1947 indicatur
424 1879 567 1946 omuibus
586 1886 672 1960 nota,
691 1879 807 1946 dicitur
829 1882 912 1946 enim
933 1880 973 1946 de
994 1880 1229 1962 praetorianis).

329 2094 419 2160 Anat.
441 2092 500 2172 IV,
522 2096 586 2159 264
612 2099 719 2160 autem
742 2089 767 2183 qi
787 2093 817 2158 δ’
840 2089 884 2160 ἂν
906 2093 939 2160 οἱ
958 2093 1052 2177 λόγοι
1071 2099 1128 2159 καὶ
1150 2089 1169 2180 ἢ
1192 2093 1273 2180 παρ’
1294 2087 1357 2161 αὖ·

246 2207 312 2266 τῶν
329 2201 532 2267 διδασκαλία
549 2208 609 2268 τοῦ
625 2209 813 2286 σωφρονεῖν
834 2200 871 2266 τὸ
892 2201 996 2287 μηδὲν
1017 2199 1104 2268 εἶναι
1126 2202 1260 2287 φακοῖσι
1281 2200 1358 2266 mihi

246 2314 428 2390 suspectum
450 2307 577 2374 ridetur
599 2305 644 2374 τὸ
664 2307 785 2394 μηδὲν,
816 2326 889 2373 uam
917 2313 951 2374 et
974 2326 1012 2373 ex
1033 2308 1211 2374 sententiae
1233 2308 1357 2374 ratione

245 2414 398 2480 articulus
426 2415 519 2496 plane
546 2432 799 2496 supervacaneus
831 2420 963 2481 estnec
990 2415 1075 2496 apud
1103 2410 1271 2496 losephum
1297 2413 1355 2480 hoc

244 2519 336 2587 modo
358 2540 429 2587 cum
448 2521 564 2606 μηδείς
585 2521 794 2602 coniungitur.
836 2520 1053 2588 Omittendum
1074 2522 1172 2602 igitur
1195 2525 1252 2598 τό,
1274 2520 1356 2602 quod

244 2627 349 2693 nescio
376 2646 418 2692 an
446 2632 551 2692 ortum
580 2628 622 2692 sit
650 2627 855 2708 neglegentia
874 2627 995 2692 librarii
1015 2626 1193 2708 cuiusdam,
1222 2627 1276 2710 qui
1296 2627 1357 2693 τοῦ

244 2740 319 2799 ante
341 2741 530 2821 σωφρονεῖν
550 2733 703 2816 seriptum
724 2734 873 2815 repetiit,
900 2753 939 2799 ex
964 2753 1025 2818 quo
1046 2733 1085 2799 τό
1106 2741 1284 2800 correctum
1306 2739 1356 2799 est

243 2839 285 2906 ab
305 2840 384 2907 aliis.
763 2865 766 2870 >
1263 2924 1266 2930 ζ

326 2945 477 3031 Sequitur
491 2946 660 3027 legendum
676 2964 712 3012 eo
734 2946 802 3012 loco
823 2946 864 3013 de
885 2965 947 3030 quo
968 2947 1091 3027 agimus
1187 2953 1246 3013 τοῦ
1267 2946 1353 3013 θεοῦ

242 3051 422 3120 κάλλιστόν
437 3049 539 3139 ἐσμεν
560 3048 740 3137 ἄνθρωποι
754 3102 762 3118 .
776 3102 782 3116 .
797 3106 804 3120 .
833 3053 895 3120 Sed
911 3053 995 3120 dieat
1010 3053 1165 3137 quispiam
1178 3052 1354 3121 κάλλιστον

243 3178 313 3226 esse
335 3159 520 3226 subiectum.
557 3160 638 3226 Huic
658 3160 795 3242 opinioni
815 3179 878 3226 non
896 3160 1061 3227 assentior.
1094 3159 1247 3242 Iosephus
1271 3160 1355 3226 enim

242 3265 318 3332 dicit
335 3265 456 3332 Mosam
471 3285 542 3333 cum
563 3266 651 3349 leges
672 3266 827 3334 scriberet
847 3267 881 3332 id
904 3267 1015 3349 egisse,
1038 3274 1074 3333 ut
1093 3274 1223 3348 praeter
1244 3275 1353 3334 cetera

240 3370 402 3445 hominum
432 3378 555 3438 mentes
587 3374 629 3439 ad
657 3373 752 3440 deum
780 3378 997 3453 converteret,
1028 3373 1144 3456 quippe
1173 3374 1262 3440 cuius
1292 3393 1352 3457 ope

240 3480 400 3561 procreati
432 3485 554 3559 essent,
584 3479 632 3545 ita
664 3484 700 3546 ut
731 3481 869 3545 omnium
901 3485 935 3545 et
948 3550 953 3565 s
967 3479 1147 3545 animalium
1178 3487 1212 3548 et
1243 3499 1352 3546 rerum

241 3590 350 3652 essem
369 3584 609 3668 perfectissima.
643 3585 744 3665 Quam
764 3585 993 3667 perlectionem
1016 3605 1086 3652 cum
1109 3585 1263 3652 deberent
1281 3585 1350 3667 deo,

241 3690 300 3758 deo
320 3709 443 3776 quoque
463 3691 525 3758 illis
547 3710 616 3759 esse
638 3691 930 3775 obtemperandum.
961 3694 1074 3777 ltaque
1095 3693 1238 3760 homines
1258 3713 1351 3776 prae·

240 3798 325 3867 dicat
345 3800 480 3882 scriptor
500 3800 775 3882 praestantissima
796 3800 945 3866 animalia
967 3820 1046 3869 esse.
1089 3801 1256 3883 Homines,
1287 3798 1348 3868 ἆν-

239 3912 388 3991 θραποι,
409 3905 507 3989 igitur
527 3906 705 3976 subiectum
726 3913 784 3974 est.
830 3906 921 3986 Quod
948 3907 974 3972 si
1002 3907 1052 3974 his
1081 3908 1259 3974 consentire
1279 3907 1350 3991 quis

238 4012 333 4095 nolit,
369 4017 477 4078 tamen
509 4013 661 4080 articulus
689 4013 766 4079 mihi
796 4012 923 4080 ridetur
951 4014 1146 4094 reiciendum
1182 4035 1255 4081 nam
1288 4014 1349 4080 etsi

238 4118 443 4202 neglegamus
473 4127 604 4202 propter
624 4118 871 4201 praedicativam
893 4121 1158 4186 constructionem
1180 4119 1347 4186 articulum

238 4224 359 4309 deesse,
382 4231 490 4292 tamen
502 4223 556 4293 ubi
574 4224 789 4309 superlativus
812 4243 883 4297 aum
904 4226 1043 4310 genitivo
1063 4226 1213 4309 partitim
1233 4226 1347 4312 depre-
