3225 4734
709 247 917 308 ...21.a

262 416 433 501 2883337.
476 415 841 500 V111‚15;143;244.
886 418 945 497 IX,
976 419 1032 498 823
1062 420 1118 497 863
1143 411 1214 482 273.
1256 411 1318 497 XI,
1342 420 1371 499 1,

263 530 298 605 3,
321 529 355 607 63
385 525 458 591 ibid.
482 545 511 606 p.
534 528 570 606 2,
593 527 648 603 28;
680 531 713 605 3,
736 530 771 606 5,
795 530 853 605 173
885 526 1056 605 5,1,29;
1088 523 1161 588 ibid.
1184 544 1213 605 p.
1235 526 1292 603 22,
1317 528 1371 603 153

263 638 299 713 5,
323 637 358 709 τ,
380 635 435 711 11,
462 636 491 708 5,
514 635 543 711 8,
565 635 614 696 25.
658 632 1242 712 X11,211p.73,14;2,13,13.
1285 631 1371 709 xlii,

263 742 300 818 5,
322 742 356 818 4,
381 742 408 802 1.
453 736 1371 819 1112511227,16;9,4ρ.230,1υ;10,311.;

266 849 312 922 10,
336 844 435 924 8153
461 846 508 922 1ο,
530 846 580 924 25,
602 846 639 925 ο,
665 846 711 921 10,
733 846 784 923 25,
805 846 863 921 21;
887 845 936 920 12,
959 848 988 920 5,
1012 846 1059 907 18.
1106 841 1179 920 xv,
1202 844 1240 915 8.
1263 845 1292 921 5,
1316 845 1372 920 15;

263 950 346 1029 XVI,
372 953 419 1028 11,
443 954 472 1029 4,
497 952 543 1013 16.
589 950 688 1029 XVII,
711 952 740 1027 5,
764 953 792 1026 1,
815 951 850 1027 63
873 953 902 1025 5,
925 952 945 1012 5
965 968 995 1028 p.
1019 951 1068 1027 83,
1090 951 1119 1013 9.
1162 948 1278 1026 XVIII,
1301 951 1373 1028 54

264 1075 293 1137 p.
317 1058 386 1135 ωε,
408 1059 458 1121 21.
501 1056 585 1135 xix,
608 1060 636 1134 1,
659 1060 688 1136 5,
712 1061 745 1136 τ;
768 1058 797 1134 2,
821 1060 849 1133 5,
872 1057 922 1118 28.
966 1054 1034 1133 xx,
1057 1057 1085 1133 2,
1109 1058 1138 1134 5,
1160 1057 1211 1120 28.

347 1162 426 1227 Bell.
449 1162 504 1241 III,
527 1167 556 1241 7,
578 1165 607 1240 2,
630 1165 666 1237 9;
689 1162 742 1240 IV,
765 1165 795 1240 5,
820 1162 917 1236 510.

348 1268 483 1335 Mutatio
505 1268 665 1333 modorum
687 1273 737 1333 est
759 1268 808 1332 his
829 1267 919 1332 locis:

350 1376 439 1440 Antt.
463 1376 493 1452 I,
517 1378 578 1439 314
604 1372 766 1454 Λάβανος
788 1374 827 1438 δὲ
848 1411 888 1419 -
911 1368 1033 1459 ήρξατο
1055 1381 1248 1456 κατηγορεῖν
1270 1368 1374 1439 αὐτοῦ

267 1477 467 1564 (Ἰακώβου),
497 1484 678 1564 προφέρων
699 1475 750 1545 ὅτι
771 1485 828 1543 καί
850 1482 975 1561 πένητα
999 1473 1101 1543 αὐτὸν
1122 1473 1267 1542 ε’λθόντα
1290 1478 1375 1565 πρός

267 1584 371 1653 αὑτόν
406 1592 462 1651 καὶ
498 1586 634 1651 παντων
670 1582 803 1672 δίπορον
836 1582 1043 1660 ὑπεδέξατο
1079 1588 1135 1647 καί
1169 1583 1374 1669 παράσχοι

267 1704 386 1758 πᾶσαν
418 1690 593 1778 ἀφθονίαν
625 1694 679 1768 τίς
712 1691 818 1757 αὑτοῦ
849 1690 1001 1777 κτήσεως.
1045 1691 1092 1771 ΙΙ,
1114 1693 1173 1754 168
1207 1687 1250 1766 ὡς
1283 1691 1312 1755 δ’
1333 1729 1375 1737 -

262 1799 419 1885 Ἰάκωβος
440 1801 480 1866 τοί
506 1806 584 1886 περὶ
607 1801 664 1866 τόν
681 1797 848 1885 Ἰώσηπον
870 1799 1015 1885 ἔμαθεν,
1045 1796 1096 1864 ὅτι
1121 1797 1164 1884 μή
1186 1798 1289 1883 μόνον
1313 1800 1373 1884 εἴη

268 1906 326 1973 τδν
354 1907 507 1974 θάνατον
535 1906 770 1993 διαπεφευγώς
791 1944 831 1951 -
854 1903 941 1972 οἷλλοὶ
964 1911 1020 1970 καί
1046 1908 1087 1994 ζῇ
1109 1904 1191 1989 μετα
1214 1908 1375 1991 λαμπροῖς

269 2010 494 2099 εὐδαιμονίας.
528 2018 586 2079 195
605 2009 767 2098 Ἰωσήπου
792 2013 821 2077 δ’
844 2009 1005 2097 ἐγκώμιον
1027 2009 1209 2087 διεξελθών
1230 2011 1374 2093 (Iacobus

268 2122 449 2203 priusquam
471 2128 615 2186 mortuus
637 2120 716 2200 est),
739 2115 790 2185 δτι
814 2120 857 2203 μή
879 2117 1158 2203 μνησικακήσειε
1181 2127 1251 2195 τοῖς
1272 2115 1373 2185 δδελ-

268 2236 357 2313 μοῖς,
383 2224 468 2293 ἀλλὰ
491 2233 547 2290 καὶ
568 2225 688 2291 τούτου
711 2228 815 2290 πλέον
835 2223 975 2311 χρηστός
998 2223 1045 2299 είς
1067 2219 1188 2300 αίτοδς
1209 2221 1373 2306 ἐγένετο.

267 2335 312 2413 V,
335 2339 395 2399 267
419 2334 530 2415 ἔλεγεν
553 2330 596 2409 ὡς
617 2329 694 2399 οὔτε
713 2332 857 2397 λάθοιεν
878 2326 1000 2407 αίτοδς
1022 2332 1054 2397 οἱ
1076 2341 1247 2413 συγγενεῖς
1270 2335 1372 2399 πολε-

266 2439 437 2524 μούμενοι,
459 2438 660 2523 καλούμενοί
674 2463 710 2503 τε
728 2437 815 2524 πρὸς
835 2444 1028 2521 συμμαχίαν
1049 2434 1087 2502 οδ
1110 2446 1374 2519 παρεγένοντο

266 2582 308 2589 -
329 2544 441 2611 ἔπειθ’
473 2542 515 2621 ὡς
539 2540 640 2609 ἄδικα
669 2544 831 2630 πράττειν
856 2541 1104 2628 ἐπιχειροῦσι.
1149 2545 1209 2617 VI,
1238 2549 1278 2609 58
1308 2554 1375 2610 των

267 2656 327 2736 μὲν
353 2654 461 2724 οίλλων
489 2649 589 2716 οὐδὲν
618 2648 861 2740 ἀπεκρύψατο,
895 2647 964 2717 οἷδ’
994 2646 1040 2726 ὡς
1067 2647 1249 2734 ἀφίκοιτο
1279 2653 1373 2739 παρα

268 2758 461 2844 Σαμοόηλον
481 2795 521 2804 -
544 2754 616 2823 οὐδ’
648 2753 692 2833 τίς
722 2755 849 2832 ἐκεῖνος
877 2751 966 2844 αὐτῷ
997 2765 1172 2823 σεσῶσθαι
1196 2759 1257 2834 τοὶς
1280 2757 1376 2835 ὄνους

268 2864 422 2952 ἔφρασε.
468 2866 511 2942 X,
538 2867 574 2928 18
593 2859 776 2949 Ἡρόδοτος
797 2900 835 2909 -
860 2868 962 2947 (μησὶν
991 2862 1034 2938 ὡς
1059 2858 1155 2939 οὗτος
1178 2858 1195 2928 δ
1215 2865 1375 2947 βασιλευς

267 2971 326 3038 ἐπὶ
347 2975 404 3038 τόν
425 2980 491 3037 τοῖν
513 2970 711 3053 Αἰγυπτίων
733 2972 877 3048 βασιλέα
901 3008 938 3015 -
964 2969 1092 3048 ἔλθοι,
1123 2973 1310 3057 πολιορκῶν
1338 2972 1376 3038 δὲ

266 3079 303 3144 τό
331 3081 520 3164 Πηλούσιον
551 3075 649 3143 ἔλυσε
682 3077 739 3162 τήν
771 3080 980 3163 πολιορκίαν.
1025 3078 1087 3155 XI,
1115 3082 1151 3157 4,
1176 3080 1254 3157 6,3
1287 3079 1375 3161 (Cyri

266 3184 385 3249 iussum
407 3184 447 3248 de
469 3183 661 3248 aedificando
674 3183 862 3247 Iudaeorum
885 3183 1016 3265 templo)
1040 3183 1096 3266 τήν
1118 3183 1156 3248 δὲ
1178 3181 1376 3268 ἐπιμέλειαν
1453 3205 1455 3207 ’

269 3287 393 3354 τοίτων
414 3288 503 3354 εἶναι
520 3283 731 3374 Ἀβασσοίρου
755 3326 790 3333 -·
811 3295 866 3353 καὶ
889 3298 953 3353 τῶν
973 3285 1115 3375 ἑταίρων
1137 3285 1262 3369 αὐτοῦ,
1286 3288 1377 3368 ὅπως

269 3394 365 3465 αὐτοὶ
397 3401 457 3481 μέν
490 3392 707 3483 ἀφέξονται
739 3407 797 3464 τοῦ
831 3396 957 3475 τόπου,
990 3407 1060 3473 τοῖς
1089 3399 1127 3464 δὲ
1156 3399 1289 3476 δούλοις
1318 3410 1376 3466 τοῦ

270 3506 353 3571 θεοῦ
377 3541 410 3550 -
434 3500 685 3593 ἐπιτρέψουσιν
714 3503 934 3589 οίκοδομησαι
967 3504 1023 3570 τόν
1049 3504 1140 3569 ναόν.
1183 3507 1276 3587 XIII,
1299 3510 1374 3585 3,1

268 3633 297 3694 p.
329 3615 406 3691 139,
437 3614 455 3675 3
489 3612 606 3691 διέγνω
628 3649 668 3657 -
692 3609 904 3696 αἰτήσασθαι
943 3613 1024 3698 παρ’
1061 3608 1172 3678 αὐτῶν
1207 3611 1377 3692 ἐξουσίαν,

270 3714 361 3791 ὅπως
387 3715 635 3801 οίκοδομήσειε
666 3716 747 3781 ναόν
769 3714 805 3781 ἐν
827 3715 992 3806 Αίγόπτιμ
1015 3758 1056 3768 -
1076 3723 1132 3782 καί
1154 3724 1301 3796 Λευίτας
1322 3725 1378 3784 καί

270 3824 369 3907 ἱερεῖς
391 3822 426 3888 ἐκ
449 3825 508 3887 τοῦ
530 3823 618 3887 ἰδίου
641 3827 756 3902 γένους
776 3823 1005 3912 καταστήσῃ.
1039 3824 1122 3905 XIV,
1145 3829 1173 3906 3,
1191 3830 1219 3905 3,
1237 3829 1276 3891 16
1299 3831 1379 3903 τέως

269 3931 298 3995 δ’
321 3925 493 3995 ἐκέλευσεν
515 3924 656 4014 ήσυχίαν
678 3925 793 4010 οἴγειν,
826 3930 1031 4015 θεραπεύων
1059 3929 1129 4015 ἅμα
1152 3931 1210 3996 τόν
1227 3929 1377 4019 Ἀριστό-

268 4038 407 4118 βουλον,
435 4034 478 4119 μή
506 4034 565 4119 τήν
584 4037 695 4120 χώραν
716 4030 888 4120 ἄποστήσ
896 4063 914 4125 η
937 4043 992 4100 καί
1015 4036 1286 4124 διακλεισθείη
1308 4046 1375 4104 τοῖν

271 4143 441 4231 παρόδων.
478 4143 561 4222 XVI,
586 4145 634 4219 10,
659 4150 676 4209 8
700 4164 728 4225 p.
752 4148 800 4223 53,
825 4151 841 4209 7
866 4153 997 4230 Καῖσαρ
1018 4142 1165 4230 ἐξεῖργεν
1187 4148 1380 4229 (interpella-

269 4251 338 4336 bat)
366 4247 703 4338 οδτόν1ΝἰυοῙυυῐι1),
731 4260 831 4316 τοῦτο
859 4250 961 4336 μόνον
990 4249 1095 4327 ἀξιῶν
1123 4248 1206 4340 δπέρ
1228 4250 1380 4337 Ἡρώδου
