3225 4734
334 1324 390 1422 De
413 1351 502 1418 Flavi
524 1351 649 1433 losepbi
677 1351 803 1433 scriptis
832 1351 902 1416 aliis
931 1349 1124 1431 temporibus
1151 1348 1246 1431 longe
1265 1349 1359 1415 aliter

249 1461 422 1528 iudicatum
438 1465 496 1525 661.
533 1460 676 1524 Fuerunt
697 1459 779 1524 enim
797 1459 851 1540 qui
866 1458 996 1523 summis
1011 1476 1081 1522 eum
1103 1456 1246 1521 laudibus
1268 1455 1359 1520 effer-

248 1572 322 1633 rent
350 1566 438 1632 velut
460 1566 603 1643 Ernesti,
635 1564 688 1646 qui
716 1563 883 1644 Iosepbum
913 1561 1038 1628 dicebat
1065 1582 1126 1627 non
1157 1581 1235 1643 pure
1268 1561 1359 1627 modo

249 1674 305 1739 sed
329 1673 424 1737 etiam
447 1671 553 1736 Attice
575 1655 714 1735 scribere
736 1669 888 1749 voluisse,
918 1669 970 1734 alii
999 1669 1051 1751 qui
1073 1669 1214 1750 graviter
1233 1668 1266 1731 in
1288 1686 1359 1732 eum

248 1778 545 1856 inveherentur,·ut
559 1775 675 1856 Naber,
698 1775 751 1858 qui
774 1776 806 1839 in
829 1774 1098 1841 observationibus
1121 1774 1237 1840 criticis
1259 1774 1361 1857 (Mne-

248 1904 377 1968 mosyne
395 1884 481 1963 XllI,
503 1883 536 1965 3)
561 1881 711 1948 censebat
734 1882 836 1961 egisse
858 1880 958 1947 videri
978 1882 1066 1946 illum
1087 1882 1129 1961 id,
1152 1889 1189 1971 ut
1208 1900 1269 1964 quo
1291 1879 1362 1946 libri

250 1993 355 2058 carius
376 1990 524 2057 venirent
544 1989 656 2069 viginti
677 1987 765 2053 libris
786 1987 929 2068 expleret
950 2006 1114 2053 numerum
1136 1988 1362 2070 quinquaginta

251 2098 371 2165 milium
398 2116 558 2162 versuum.
589 2096 742 2177 Equidem
759 2100 791 2160 et
806 2095 838 2158 in
854 2094 1039 2160 admirando
1055 2102 1088 2160 et
1102 2095 1133 2158 in
1156 2093 1362 2174 vituperando

250 2205 389 2270 medium
418 2202 565 2285 quiddam
592 2200 764 2268 tenendum
794 2220 865 2266 esse
888 2201 1038 2266 existimo.
1083 2200 1164 2264 Nam
1187 2219 1256 2265 cum
1277 2188 1363 2264 illius

250 2311 347 2377 libros
374 2311 414 2376 de
442 2309 684 2392 antiquitatibus
705 2308 841 2374 Iudaicis
871 2310 996 2391 integro
1021 2310 1134 2375 iudicio
1161 2311 1267 2390 legere
1289 2310 1365 2374 inci-

185 2426 188 2427 ’
251 2436 369 2500 perem,
393 2435 455 2482 non
471 2436 597 2498 possum
615 2436 677 2481 non
691 2415 834 2498 profiteri
848 2416 1043 2482 delectatum
1059 2436 1109 2482 me
1134 2436 1203 2481 6666
1226 2419 1367 2481 oratione

253 2523 463 2606 aequabiliter
481 2523 600 2589 fluente
624 2529 660 2599 et⁴
678 2523 861 2605 perspicua,
883 2524 1036 2605 imprimis
1059 2525 1192 2589 miratus
1214 2543 1283 2589 sum
1305 2541 1367 2605 qua

252 2632 394 2698 sollertia
423 2649 476 2711 ea,
507 2649 588 2712 quae
610 2648 669 2694 usu
691 2630 854 2697 venissent
873 2630 906 2694 in
927 2631 1055 2712 regione
1078 2649 1097 2694 a
1119 2631 1253 2696 Graecia
1273 2631 1366 2710 longe

253 2746 377 2805 remota
399 2745 432 2804 61
453 2736 506 2802 ubi
526 2756 656 2819 prorsus
678 2737 740 2801 alia
762 2736 876 2803 fuisset
896 2757 1004 2803 rerum
1026 2737 1223 2820 publicarum
1250 2744 1283 2803 et
1304 2738 1367 2819 pri·

255 2855 400 2912 vatorum
428 2844 567 2911 condicio
596 2850 693 2927 atque
720 2845 804 2909 inter
826 2845 980 2923 Graecos,
1013 2846 1134 2911 Graece
1162 2845 1372 2934 describeret·

181 2957 183 2960 ⁴
254 2954 451 3033 Quamquam
466 2950 602 3017 concedo
625 2970 686 3016 non
707 2950 740 3015 in
762 2950 905 3016 omnibus
926 2951 1077 3017 librorum
1100 2952 1244 3032 partibus
1266 2972 1368 3036 aeque

192 3078 196 3089 ·
255 3064 422 3140 praestans
444 3076 514 3122 esse
536 3057 660 3122 dicendi
682 3075 791 3137 genus.
834 3056 906 3137 Sed,
925 3057 957 3121 id
980 3057 1061 3140 quod
1084 3060 1117 3124 L.
1135 3058 1314 3125 Dindorlius
1335 3062 1369 3125 in

256 3164 454 3230 Fleckeiseni
475 3163 640 3228 annalibus
659 3163 723 3228 iam
744 3163 922 3241 contendit,
944 3166 1118 3245 quaeritur,
1145 3185 1247 3230 nonne
1269 3167 1369 3231 multa

259 3289 367 3335 eorum
388 3289 469 3351 quae
490 3271 593 3335 minus
613 3269 702 3334 nobis
724 3268 898 3350 probantur
919 3270 1055 3336 librariis
1077 3272 1152 3336 vitio
1174 3274 1238 3338 sint
1255 3271 1369 3336 danda.

259 3375 337 3441 Cum
358 3377 457 3458 igitur
471 3376 571 3441 Niesii
593 3383 627 3442 et
647 3374 765 3440 Naberi
787 3375 941 3442 editiones
963 3397 1065 3458 nuper
1085 3379 1284 3458 prodiissent,
1307 3380 1371 3459 pri·

260 3501 345 3549 mum
365 3489 398 3548 et
419 3482 591 3548 secundum
613 3483 839 3564 antiquitatum
859 3483 972 3548 librum
994 3486 1026 3548 in
1047 3487 1211 3568 utriusque
1235 3485 1370 3550 editione

260 3589 323 3670 legi
352 3595 386 3654 61
418 3589 612 3671 comparavi,
647 3596 680 3654 et
713 3588 765 3653 ubi
802 3588 930 3654 differre
962 3591 1125 3671 perspexi,
1159 3611 1197 3655 ex
1228 3591 1371 3656 omnibus

261 3694 386 3776 losepbi
414 3695 501 3760 libris
531 3695 607 3776 ipsis
633 3695 652 3759 1.
676 3713 703 3760 e.
725 3694 771 3759 eis
790 3696 883 3775 locis,
909 3695 1021 3777 quibus
1043 3696 1181 3762 codicum
1203 3716 1263 3762 non
1287 3705 1372 3781 esset

261 3799 406 3864 habenda
420 3801 502 3866 ratio
517 3838 557 3850 -
576 3819 649 3864 nam
664 3819 704 3864 ne
725 3801 848 3866 codices
869 3800 995 3882 quidem
1019 3803 1144 3886 eosdem
1167 3803 1305 3869 editores
1326 3804 1372 3868 illi

261 3912 463 3990 praestantes
480 3906 622 3973 iudicant
640 3945 679 3953 —
700 3925 889 3988 cognoscere
900 3907 1066 3974 studebam
1079 3929 1159 3991 quae
1176 3915 1262 3975 esset
1279 3911 1373 3976 lectio

262 4020 364 4081 recta.
407 4015 528 4080 Horum
555 4014 694 4079 locorum
720 4012 884 4079 nonnullos
909 4015 1053 4080 tractavi.
1094 4016 1263 4097 Exempla,
1292 4036 1373 4098 quae

220 4192 224 4197 ,
263 4119 383 4204 protuli
398 4139 436 4185 ex
451 4119 678 4201 antiquitatum
700 4120 788 4185 libris
802 4120 897 4199 I—ll,
921 4122 1035 4201 repetii
1050 4142 1087 4186 61
1102 4121 1219 4187 Naberi
1235 4122 1372 4189 editione

264 4228 321 4294 sed
343 4234 528 4308 comparata
552 4246 623 4292 cum
637 4227 753 4303 Niesio,
776 4230 865 4293 cuius
889 4229 981 4293 lectio
1003 4230 1029 4293 si
1051 4230 1198 4296 dissentit
1219 4229 1374 4295 aNabero

265 4335 298 4400 in
316 4351 354 4398 ea
375 4352 428 4415 re,
449 4333 489 4397 de
512 4351 575 4413 qua
596 4333 716 4415 agitur,
745 4333 847 4399 locum
869 4341 904 4399 ut
926 4354 964 4399 61
986 4354 1047 4416 quo
1067 4335 1144 4401 nibil
1166 4334 1377 4403 demonstrari
