3225 4734
712 212 898 297 ..ἣ-

329 406 418 480 Antt.
435 409 490 491 III,
505 410 568 481 250
582 419 622 504 τῇ
638 410 676 482 δὲ
691 412 832 505 δευτέρηι
843 450 883 465 -·
896 408 1004 507 ήμέρηι
1020 410 1107 502 ίέκτη
1123 412 1152 482 δ’
1167 408 1267 483 ἐστιν
1277 405 1359 503 αότη

245 524 302 584 καῖ
338 519 482 604 δεκάτη).
523 520 585 601 IV,
612 524 673 586 273
710 518 869 589 ἐνιαυτοῦ
906 520 1086 602 ἐνστάντος
1121 531 1181 589 τοῦ
1218 521 1360 608 ἰωβήλου

246 612 538 713 (πεντηκοστόςδ
568 625 721 706 ἐνιαυτός
748 626 863 710 ἐστιν).
905 630 951 695 ΧΙ
963 633 1010 711 ,1
1032 630 1075 695 in.
1108 629 1162 719 Τῷ
1183 630 1222 695 δὲ
1240 628 1361 719 πρώτη)
1484 624 1487 628 ⁴

248 731 315 801 ἔτει
337 744 393 819 της
413 732 522 819 Κόρου
543 739 719 819 βασιλείας
741 740 851 815 (τοῦτο
874 738 903 803 δ’
925 734 964 823 ήν
985 735 1233 823 ἑβδομηκοστόν
1251 730 1308 823 ἐφ’
1325 730 1362 822 ής

247 838 369 932 ήμέρας
390 845 596 930 μεταστῆναι
619 845 675 913 τόν
696 845 780 913 λαόν
800 842 892 933 ήμῶν
912 883 953 893 -
976 850 1186 923 συνέπεσεν).

332 951 411 1018 Aliis
446 952 614 1019 verborum
649 953 818 1035 generibus
854 955 881 1020 si
917 953 1134 1035 praedicatum
1171 955 1361 1035 continetur,

249 1057 417 1125 articulum
439 1078 500 1125 non
522 1060 594 1141 poni
617 1079 687 1125 cum
709 1060 771 1125 alia
792 1066 861 1126 tum
882 1061 961 1125 haec
982 1060 1219 1126 demonstrant:

333 1164 421 1231 Antt.
435 1163 460 1243 Ι,
476 1167 517 1233 20
538 1162 571 1232 εἰ
582 1164 626 1249 μή
644 1162 709 1249 πρό
733 1165 914 1243 παντός-
932 1166 1130 1249 διδαχθεῖεν
1152 1162 1203 1231 ότι
1225 1164 1364 1232 πάντων

250 1268 361 1356 πατήρ
393 1295 429 1337 τε
457 1277 514 1336 καὶ
542 1272 708 1357 δεσπότης
739 1267 756 1337 ό
780 1271 864 1349 θεός
885 1267 931 1367 τήν
952 1277 1009 1337 καῖ
1031 1271 1146 1337 πάντα
1169 1268 1364 1352 ἐπιβλέπων

249 1413 291 1424 -
313 1377 453 1444 δίδωσιν
475 1372 661 1464 εόδαίμονα
683 1386 768 1462 βίον.
813 1379 870 1456 ΙΙΙ,
892 1383 932 1445 66
952 1380 1088 1445 πάντων
1108 1381 1216 1464 μόνως
1238 1374 1282 1445 άν
1302 1388 1362 1445 τοῦ

251 1484 383 1551 δικαίου
399 1494 509 1569 τυχεῖν
524 1481 724 1570 ήγουμένων,
748 1484 780 1551 εἰ
797 1484 968 1571 διαιτητής
982 1479 1082 1563 αότός
1102 1480 1201 1563 οότος
1222 1491 1362 1568 γένοιτο.

250 1598 309 1658 111
333 1588 351 1677 ή
374 1592 471 1678 ἑτέρα
495 1590 653 1678 (πλευρά)
675 1596 831 1676 μέτωπον
852 1592 912 1658 τοῦ
933 1591 1061 1669 παντός
1083 1589 1131 1677 ήν.
1175 1595 1238 1659 248
1259 1600 1304 1683 τῷ
1325 1594 1364 1661 δὲ

251 1703 327 1784 μηνὶ
348 1697 507 1786 Ξανθικηῖ
537 1693 573 1773 ὃς
592 1696 704 1762 Νισάν
731 1698 813 1785 παρ’
836 1692 914 1782 ήμῖν
934 1701 1086 1764 καλεῖται
1107 1703 1163 1763 καὶ
1185 1706 1246 1764 ccc*
1269 1695 1365 1775 ἔτους

252 1802 345 1872 ἐστὶν
374 1798 467 1890 άρχή.
508 1807 569 1870 322
592 1800 680 1871 οῖ’στε
702 1809 758 1869 καὶ
780 1807 857 1881 τούς
878 1816 1061 1889 μισοῦντας
1083 1801 1168 1890 ήμᾶς
1190 1801 1365 1890 ὁμολογεῖν

254 1908 304 1979 ότι
333 1912 392 1997 τήν
420 1914 597 1978 πολιτείαν
621 1907 698 1997 ήμῖν
730 1906 748 1976 ό
774 1909 1069 1997 καταστησάμενός
1096 1908 1169 1977 ἐστι
1195 1909 1278 1988 θεός
1305 1910 1363 1978 διά

251 2022 428 2096 Μωυσέος.
472 2019 563 2099 VIII,
590 2021 653 2086 280
681 2068 713 2084 ..
743 2016 829 2085 θεόν
852 2023 1075 2103 σεβομένοις,
1109 2014 1147 2084 όν
1183 2015 1221 2084 οὗ
1257 2016 1365 2105 χεῖρες

251 2122 472 2212 ἐποίησαν-
495 2122 566 2191 ἀλλ’
588 2122 624 2202 ὃς
645 2124 743 2209 ἔργον
763 2121 856 2191 ἐστίν
879 2119 985 2191 αότοδ
1007 2130 1063 2189 καῖ
1087 2119 1170 2209 άρχή
1192 2129 1249 2190 καὶ
1270 2126 1364 2202 τέλος

253 2239 319 2299 τῶν
341 2232 513 2300 ἁπάντων.
555 2233 632 2312 XII,
655 2234 691 2314 2,
716 2234 755 2295 12
776 2251 806 2313 p.
832 2235 886 2311 75,
910 2234 950 2296 16
977 2226 1149 2321 έπήνεσαν
1170 2231 1208 2297 δὲ
1228 2236 1286 2296 καὶ
1306 2230 1365 2297 τόν

251 2338 438 2428 Δημήτριον
452 2348 508 2426 τής
522 2335 677 2415 ἐπινοίας
690 2334 733 2415 ὡς
753 2337 907 2420 μεγάλων
929 2333 1073 2419 άγαθῶν
1094 2331 1208 2414 αότοῖς
1227 2333 1364 2425 εὑρετήν

246 2446 478 2527 γεγενημένον.
507 2441 592 2521 ΧΙΧ,
604 2443 633 2520 5,
648 2446 675 2520 1,
688 2441 728 2504 10
742 2437 895 2526 Ἡρώδου
910 2475 949 2486 -
966 2434 1002 2516 ὃς
1017 2435 1056 2523 ήν
1077 2437 1224 2515 πάππος
1247 2436 1363 2506 αὐτοῦ.

252 2552 328 2632 XX,
352 2554 387 2632 8,
409 2552 446 2629 9,
467 2551 506 2614 27
536 2547 691 2633 Βοῦρρον
719 2544 953 2629 (παιδαγωγός
982 2546 1020 2611 δὲ
1046 2539 1194 2631 οὗτοςήν
1215 2554 1274 2612 τοῦ
1296 2552 1362 2615 Νέ-

171 2642 174 2649 ’
254 2682 357 2744 ρωνος
378 2656 457 2740 ...)
533 2744 536 2751 ¹
1467 2657 1469 2660 ’

334 2767 384 2830 De
407 2761 549 2829 Macabb.
571 2763 590 2826 3
612 2779 642 2841 p.
665 2762 743 2840 274,
765 2762 805 2823 21
838 2768 910 2836 πῶς
940 2755 1019 2837 οὖν,
1053 2760 1146 2825 εἴποι
1173 2785 1222 2836 τις
1244 2756 1305 2839 άν,
1333 2760 1366 2828 εί

253 2880 317 2941 τῶν
337 2871 463 2939 παθῶν
484 2866 650 2953 δεσπότης
671 2863 764 2933 ἐστίν
786 2861 803 2931 ό
828 2866 987 2953 λογισμός

336 2982 454 3047 Contra
473 2976 583 3044 codem
603 2974 695 3041 modo
717 2975 892 3055 quo'Attici
911 2973 1065 3056 Iosephus
1084 2974 1258 3057 participio,
1281 2975 1364 3058 quod

251 3109 309 3172 pro
336 3085 534 3154 substantivo
564 3081 782 3164 praedicatum
805 3087 869 3160 cst,
899 3081 1066 3147 articulum
1088 3080 1246 3163 adiungit,
1275 3080 1364 3148 velut

254 3196 342 3261 Antt.
363 3194 424 3272 III,
449 3195 507 3257 111
541 3195 597 3255 καὶ
626 3197 724 3254 τοῦτο
754 3183 794 3274 ήν
821 3186 858 3252 τό
890 3195 1013 3254 ποιοῦν
1040 3184 1124 3254 αότό
1144 3188 1261 3273 μηδενὶ
1281 3185 1361 3253 κάτ-

255 3322 371 3365 οπτον.
415 3299 469 3379 ΙΧ,
489 3300 529 3363 53
552 3295 727 3380 γινώσκειν
748 3296 805 3380 (sc.
829 3293 969 3376 κελεύει)
993 3291 1044 3359 ότι
1062 3291 1251 3370 Ἐλισσαῖός
1272 3293 1365 3361 ἐστιν

257 3401 275 3472 ό
302 3402 473 3493 προφήτης
501 3401 518 3470 ό
545 3404 659 3471 πάντα
690 3401 823 3489 μηνόων
853 3398 1019 3491 αὐτῷκαὶ
1041 3406 1171 3487 φανερά
1193 3401 1364 3469 ποιοῖντό

255 3507 314 3581 ὑπ’
337 3507 442 3579 αότοῦ
464 3511 698 3598 βουλευόμενα.

337 3618 408 3684 Ηοο
429 3617 632 3684 referendum
653 3620 742 3686 Antt.
767 3620 798 3698 Ι,
821 3622 875 3686 89;
910 3623 967 3684 καί
999 3624 1099 3683 τοῦτο
1132 3618 1186 3697 (sc.
1218 3616 1299 3699 quod
1330 3615 1364 3682 in

255 3726 371 3793 diluvic
397 3725 437 3792 ad
464 3725 523 3791 XV
549 3724 669 3792 cubitos
701 3745 783 3810 aqua
815 3744 910 3808 super
942 3732 1063 3791 terram
1091 3723 1227 3807 exstitit)
1257 3718 1297 3810 ἦν
1326 3723 1364 3790 τό

256 3835 367 3902 αἴτιον
395 3840 454 3900 τοῦ
481 3832 525 3919 μή
555 3832 768 3920 διασωθῆναι
797 3836 976 3911 πλείονας,
998 3870 1038 3879 -
1060 3829 1098 3898 τό
1130 3830 1239 3897 αἴτιον
1266 3831 1365 3912 parti-

256 3943 400 4026 cipialem
428 3941 491 4006 vim
518 3939 631 4025 habet,
660 3945 821 4024 tamquam
848 3940 875 4004 si
896 3938 935 4005 τὸ
956 3947 1079 4006 ποιοῦν
1100 3939 1273 4020 legeretur.
1315 3935 1365 4003 Ob

256 4070 326 4118 cam
348 4067 475 4115 causam
496 4047 664 4114 articulum
687 4048 822 4127 scriptor
844 4046 960 4128 posuit.

337 4264 394 4331 Eis
408 4283 489 4348 quac
504 4263 728 4350 explicavimus
741 4278 920 4342 repugnare
937 4279 1000 4326 non
1018 4265 1111 4345 puto:
1133 4258 1222 4327 Antt.
1235 4256 1290 4341 IV,
1304 4259 1365 4325 182
