3225 4734
708 322 896 396 ...54-

243 500 326 595 δμῖν
346 512 387 558 -’
411 504 605 587 πολιτείαν,
637 501 674 593 ής
694 507 752 575 τόν
775 506 902 592 κόσμον
922 505 1132 593 φυλάξαντες
1155 495 1291 573 πάντων
1313 495 1357 572 άν

243 612 543 701 εὐδαιμονέστατοι
575 621 753 702 κριθείητε.
796 617 856 679 221
891 609 910 698 ή
943 613 973 678 δ’
1006 611 1050 678 άν
1081 608 1099 702 ή
1132 611 1356 699 πλησιαιτάτη

243 721 354 799 πόλις.
399 723 443 803 V,
463 725 525 787 213
554 727 662 788 *τοῦτο
691 722 781 802 γοῦν
810 718 873 806 ἔφη
904 723 1089 805 τεκμήριον
1110 729 1166 805 της
1186 716 1359 805 εὐμενείας

243 830 318 912 (τοῦ
339 829 436 912 θεοῦ)
466 834 624 913 με’γισιυν
645 837 681 917 τῇ
704 830 788 916 ληνῷ
810 850 852 911 με
875 834 934 893 νῦν
956 823 1036 891 ἀνθ’
1058 823 1167 902 άλωος
1185 827 1357 911 χρήσθωι.’

242 935 299 1015 VI,
315 937 356 1002 60
376 932 436 1000 οόκ
451 925 580 1011 εἰδότες
594 930 637 1011 ὡς
653 973 685 982 -
706 933 790 1010 θεός
812 933 850 1000 δὲ
873 932 1011 998 πάντων
1032 929 1171 1016 άριστος
1186 933 1242 1017 (sc.
1257 929 1357 1012 ε’στί).

244 1042 287 1104 64
308 1037 415 1123 ἐξεῖχε
437 1040 466 1105 δ’
489 1035 599 1108 αὐτῶν
619 1036 802 1117 ἁπάντων,
825 1045 881 1104 καὶ
904 1037 942 1105 τδ
962 1033 1054 1128 ὕφος
1075 1034 1115 1123 ήν
1135 1039 1357 1122 βασιλικώτα-

244 1170 312 1223 τος.
356 1146 436 1226 Vll,
460 1152 518 1214 101
543 1147 610 1229 (ubi
631 1146 756 1230 quidem
779 1145 928 1212 Nicolaus
951 1145 1163 1211 Damascenus
1184 1145 1358 1231 profertur)

245 1252 386 1337 άριστυς
406 1250 527 1329 ἔδοξεν
548 1252 635 1320 εἶναι
657 1256 826 1337 βασιλέων
839 1248 1016 1333 (Ἄδαδος).
1046 1254 1106 1318 173
1130 1252 1361 1336 πρεσβύτατος

247 1361 311 1447 γάρ
339 1356 380 1445 ήν
407 1358 480 1436 υλός
509 1356 609 1449 αότῷ.
652 1362 715 1424 224
743 1363 800 1424 καί
830 1368 886 1444 τής
914 1354 1103 1444 ὑπηρεσίας
1124 1358 1162 1424 τό
1183 1358 1284 1443 τάχος
1304 1365 1360 1424 καὶ

247 1471 307 1555 τήν
335 1467 475 1555 δξότητα
504 1476 675 1555 κρίναντες
704 1467 813 1553 ἄριστ’
844 1467 944 1534 εἶναι.
988 1467 1079 1549 VIII,
1103 1471 1164 1534 190
1184 1468 1361 1554 γενόμενος

249 1577 288 1643 δὲ
307 1573 447 1641 πάντων
457 1580 624 1660 βασιλέων
633 1572 852 1651 ἐνδοξότατος
863 1580 919 1639 καί
934 1577 1210 1660 θεοφιλέστατος.
1233 1576 1288 1654 ΙΧ,
1299 1578 1360 1641 232

247 1681 517 1766 βασιλεύσας-
538 1678 556 1748 ό
578 1684 768 1766 Μανάημος
789 1677 844 1747 ἐπ’
868 1677 923 1765 ἔτη
944 1683 1006 1766 μὲν
1040 1680 1120 1746 δέκα
1157 1681 1274 1758 σκαιός
1304 1687 1361 1747 καί

250 1787 390 1855 πάντων
421 1781 591 1872 ὠμότατος
627 1788 792 1871 διέμεινεν
828 1784 883 1852 ὧν.
936 1786 997 1865 XI,
1021 1791 1056 1866 8,
1078 1789 1156 1868 2,6
1193 1790 1362 1873 (Γαριζεὶν

250 1893 341 1980 όρος)
378 1890 396 1959 ό
430 1893 515 1959 κατά
552 1893 611 1978 τήν
644 1890 841 1982 Σαμάρειαν
883 1888 967 1978 δρῶν
1009 1888 1102 1959 ἐστὶν
1137 1888 1361 1981 ὑψηλότατον.

249 2003 327 2082 XII,
349 2007 384 2080 4,
411 2008 445 2067 11
468 2022 498 2084 p.
521 2005 577 2082 95,
599 2005 619 2066 6
648 1998 683 2078 ὃς
711 1997 751 2086 ήν
780 1998 944 2076 νεώτατος
963 2010 1029 2065 τῶν
1044 1997 1211 2086 Ἰωσήπου
1230 2007 1361 2069 τέκνων.

247 2108 338 2189 XIV,
362 2114 419 2189 14,
442 2111 462 2172 5
481 2109 523 2173 in.
552 2112 608 2173 καὶ
638 2116 735 2173 τοῦτο
764 2111 923 2192 μέγιστον
946 2101 987 2171 δν
1005 2114 1062 2183 τίς
1079 2102 1256 2175 Ἀντωνίου
1281 2114 1360 2196 περὶ

240 2214 308 2303 ιτόν
323 2210 478 2300 Ἥριόδην
499 2213 660 2298 σπουδῆς.
707 2212 780 2294 XV,
802 2218 839 2293 4,
861 2215 882 2276 2
902 2232 933 2294 p.
956 2214 1035 2292 297,
1060 2216 1099 2279 19
1127 2212 1165 2279 τό
1185 2215 1362 2300 βάλσαμον

253 2317 271 2386 ’ό
300 2320 499 2405 τιμιώτατον
523 2327 588 2386 τῶν
609 2316 678 2386 ἐκεῖ
696 2325 753 2385 καί
776 2324 871 2404 παρά
893 2318 1008 2397 μόνοις
1029 2320 1161 2404 φύεται.
1203 2324 1237 2402 8,
1261 2325 1297 2401 5,
1321 2325 1361 2389 23

253 2434 309 2512 της
343 2423 455 2510 χώρας
489 2420 627 2511 άρίστην
662 2420 769 2491 οὖσαν
803 2423 863 2488 τήν
894 2426 1038 2509 πλησίον
1069 2430 1262 2512 κατεμέριζε
1292 2436 1363 2505 τοῖς

255 2530 453 2618 οἰκήτορσιν.
497 2534 533 2611 9,
556 2533 575 2595 6
596 2550 626 2612 p.
649 2533 726 2611 336,
748 2533 789 2595 22
815 2529 901 2616 πρὸς
920 2536 1064 2616 βορρᾶν,
1094 2528 1129 2607 ὃς
1155 2526 1286 2617 άνέμων
1307 2533 1360 2601 αἰ-

253 2637 451 2723 θριώτατος.
482 2642 531 2718 11,
549 2642 576 2718 1,
601 2639 639 2702 13
662 2636 700 2701 τό
721 2637 760 2703 δὲ
781 2646 837 2721 της
857 2634 1094 2723 ἐπιχειρήσεως
1116 2638 1192 2721 (una
1206 2641 1304 2720 notio)
1326 2637 1364 2727 ής

254 2754 313 2812 νῦν
333 2741 516 2831 ἐπιχειρεῖν
536 2741 778 2829 ἐπιβάλλομαι,
801 2742 929 2820 παντός
944 2739 1188 2827 εὐσεβέστατον
1205 2752 1262 2812 καὶ
1282 2747 1362 2815 κάλ·

254 2854 369 2918 λιστον
390 2850 443 2937 ἐφ’
466 2849 557 2937 ήμῶν
576 2857 740 2932 γενέσθαι
760 2859 819 2918 νῦν
842 2848 974 2936 ἐκφανῶ
995 2852 1152 2933 (Herodes
1166 2854 1248 2936 apud
1266 2872 1365 2938 popu·

254 2959 319 3024 lum
341 2958 439 3025 verba
459 2957 535 3023 facit
556 2958 596 3023 de
618 2957 746 3039 templo,
768 2957 852 3040 quod
875 2964 1095 3025 exstructurus
1116 2959 1181 3041 sit).
1203 2997 1246 3009 -
1270 2962 1308 3027 τό
1327 2962 1366 3028 δὲ

254 3075 310 3151 της
331 3061 571 3149 ἐπιχειρήσεως
592 3083 648 3144 pro
670 3064 813 3130 subiecto
832 3072 890 3130 est.
933 3068 987 3145 11,
1008 3071 1027 3129 6
1048 3084 1078 3147 p.
1101 3069 1179 3148 348,
1201 3071 1243 3132 22
1268 3067 1366 3152 ἔργον

256 3172 284 3237 δ’
307 3164 348 3257 ήν
369 3167 679 3256 ἀξιαφηγητότατον
699 3173 766 3236 τῶν
787 3167 843 3256 ὑφ’
865 3167 955 3261 ήλίφ.
988 3173 1088 3252 XVII,
1112 3179 1141 3253 4,
1165 3179 1181 3238 1
1202 3194 1232 3257 p.
1256 3180 1365 3258 73,12

256 3275 570 3363 φαρμακιστόταται
608 3276 637 3341 δ’
671 3276 738 3344 εἶσὶ
774 3288 939 3359 γυναικῶν
974 3279 1011 3343 αλ
1046 3277 1083 3345 ἐκ
1114 3290 1171 3366 τής
1194 3280 1366 3371 Ἀραβίας,

256 3383 379 3465 XVIII,
401 3387 438 3464 6,
460 3386 490 3464 8,
511 3387 553 3449 26
573 3379 720 3462 Εὔοδον,
742 3379 779 3460 ὃς
801 3379 841 3468 ήν
862 3380 954 3472 αὐτῷ
975 3385 1173 3469 τιμιώτατος
1194 3390 1260 3454 των
1280 3386 1365 3458 άπε·

257 3493 436 3575 λευθόρων.
468 3493 497 3568 9,
513 3493 542 3567 6,
558 3493 600 3555 28
622 3488 898 3576 Μιθριδάτην-
913 3487 974 3557 ἐπὶ
990 3488 1068 3558 όνον
1089 3494 1213 3578 γυμνόν
1234 3493 1364 3564 άναθέ-

259 3620 355 3679 μενος
383 3594 469 3680 ήπερ
499 3593 642 3680 ἀτιμιῶν
669 3602 807 3681 μεγίστη
831 3600 1001 3679 νομίζεται
1023 3599 1118 3682 παρά
1141 3607 1366 3688 Παρθυαίοις.

259 3701 342 3783 XIX,
364 3706 393 3784 1,
418 3706 447 3782 1,
469 3707 509 3767 15
531 3701 569 3767 τό
593 3702 694 3787 λερόν,
718 3696 736 3766 ό
757 3706 974 3768 Καπετώλιον
995 3707 1057 3788 μὲν
1077 3708 1229 3785 καλοῦσι,
1251 3707 1367 3794 τιμιώ-

259 3831 359 3873 τατον
387 3810 416 3875 δ’
446 3806 499 3892 ἄρ’
528 3803 643 3884 αὐτοῖς
673 3804 768 3874 ἐστὶν
799 3808 905 3894 ἱερῶν.
953 3814 988 3891 1,
1011 3813 1047 3891 9,
1072 3815 1112 3876 15
1134 3812 1369 3893 γενναιότατος

258 3913 323 4001 γάρ
338 3910 380 4000 ήν
394 3924 461 3981 τῶν
476 3917 634 3981 πολιτῶν.
667 3918 694 3994 1,
711 3917 759 3994 12,
776 3918 815 3978 16
838 3912 857 3999 ή
874 3908 933 3997 υόχ
949 3912 1048 3997 δρᾶτε
1069 3916 1127 4003 τήν
1145 3917 1291 4006 σήμερον
1304 3930 1370 3988 τῶν

257 4017 573 4106 θεωριῶνόστάτην
591 4016 717 4104 ήμέραν
739 4015 846 4086 οὖσαν
866 4025 922 4084 καὶ
937 4021 1042 4087 Γάιον
1063 4019 1368 4112 ἐκπλευσούμενον,

343 4126 423 4191 Bell.
454 4125 523 4192 Iud.
546 4127 609 4205 III,
631 4129 662 4207 9,
685 4132 702 4192 7
725 4147 755 4208 p.
778 4129 849 4206 274,
875 4129 913 4191 12
935 4122 954 4213 ή
974 4124 1212 4214 ιΣκυθόπολις)
1236 4133 1275 4200 δέ
1295 4130 1369 4201 ἔστι

260 4239 398 4318 μεγίστη
433 4241 488 4318 τής
513 4232 742 4311 Δεκαπόλεως.
785 4234 845 4314 IV,
868 4236 902 4315 1,
924 4238 963 4299 21
989 4232 1248 4326 Ἐλεάζαρος-
1272 4237 1308 4318 ὃς
1329 4242 1369 4328 δή

259 4344 318 4405 καὶ
333 4337 574 4417 πιθανώτατος
586 4336 695 4407 ἐδόκει
710 4342 773 4407 τῶν
787 4338 824 4407 ἐν
842 4336 957 4418 αὐτοῖς
974 4349 1097 4428 νοῆσαί
1115 4369 1152 4411 τε
1172 4345 1213 4412 τά
1237 4347 1369 4418 δέοντα.
