3225 4734
714 289 900 360 ³..4-

253 479 361 559 posset
373 469 468 558 plane
482 473 586 557 omisi3
607 475 732 559 nequis
747 475 917 558 ergohaec
937 474 1108 541 desideret.
1141 472 1228 554 Quae
1250 471 1362 558 collegi

253 602 292 648 ex
312 581 401 648 libris
423 582 578 662 XI-XX,
601 601 640 647 ex
660 581 748 647 IibrIs
769 580 808 647 de
831 582 897 647 vita
916 581 1049 664 Iosephi‚
1072 582 1112 647 de
1131 580 1360 661 beIIqudaico‚

253 688 292 754 de
315 686 521 766 MaccabaeIs‚
548 688 727 769 deprompsi
755 687 795 753 de
822 688 1024 752 Immanuelis
1047 687 1185 752 Bekkeri
1214 687 1360 755 editione.

252 794 493 878 (Nummorum,
515 812 593 876 quos
615 792 782 875 adscripsi,
810 813 849 859 ea
870 801 920 860 est
941 795 1039 873 ratio,
1069 803 1106 860 ut
1127 795 1246 875 primus
1266 795 1361 876 signi·

251 900 325 967 ficet
339 901 463 980 librum,
485 900 641 966 secundus
663 906 768 981 caput,
789 901 905 966 tertius
928 901 1041 982 capitis
1062 896 1197 981 partem,
1218 907 1360 981 quartus,

250 1007 278 1073 si
291 1007 438 1090 paginam
453 1024 514 1072 nou
531 1007 648 1087 notavi,
669 1006 786 1071 Imeam
807 1006 1026 1071 aBekkero
1047 1013 1256 1086 numeratam,
1279 1024 1359 1088 quae

250 1116 278 1179 si
299 1132 361 1179 non
380 1113 412 1178 in
436 1112 565 1195 pagina,
592 1131 655 1195 qua
675 1112 754 1178 haec
774 1113 887 1194 capide
908 1131 983 1193 para
1004 1112 1131 1193 incipit,
1152 1115 1185 1177 in
1206 1119 1360 1193 sequente

251 1220 516 1302 deprehenditur;
538 1219 592 1285 ubi
612 1238 665 1284 res
687 1217 781 1284 dubit
801 1225 861 1299 est,
883 1221 1017 1300 paginae
1039 1224 1072 1284 et
1094 1219 1161 1284 eius
1182 1220 1285 1283 Iineae
1303 1238 1361 1283 nu·

250 1345 372 1392 merum
401 1323 530 1406 addidi.)
567 1319 733 1390 Librorum
763 1333 873 1391 contra
902 1325 1055 1405 ApIonem
1089 1323 1232 1406 exempla
1266 1324 1360 1389 attuli

251 1453 290 1498 ex
304 1430 401 1497 Niesii
417 1431 554 1497 editione
568 1429 688 1495 critica.
719 1429 868 1497 Codicum
891 1449 962 1495 cum
985 1432 1176 1496 mentionem
1196 1429 1359 1511 faciebam,

249 1536 440 1619 compendiis
455 1537 632 1618 scripturae
649 1536 767 1602 eisdem
782 1536 897 1601 utebar
912 1535 1024 1617 quibus
1036 1537 1170 1602 NiesIus.
1199 1536 1231 1600 Is
1252 1542 1360 1601 autem

250 1662 290 1709 ea
310 1644 446 1724 explicat
466 1644 499 1708 iu
519 1640 716 1724 praefatione
739 1642 884 1709 editionis
906 1643 1035 1708 criticae
1057 1646 1100 1726 (p.
1117 1642 1302 1722 LXXVIII).
1319 1678 1360 1687 -—

331 1747 499 1829 Antiquitt.
523 1748 547 1827 1,
569 1748 586 1830 ἓ
607 1750 646 1812 21
670 1747 777 1813 Nabar
798 1748 948 1829 praebet:
990 1756 1088 1814 τοῦτο
1110 1748 1150 1832 δή
1173 1747 1360 1813 παιδεῦσαι

248 1855 396 1940 Μωυσής
416 1856 596 1939 βουληθείς
622 1853 659 1919 τό
682 1853 856 1938 παίδευμα
883 1853 962 1930 τοός
981 1851 1103 1920 ἑαυτοῦ
1127 1855 1280 1931 πολίτας,
1303 1862 1360 1938 της

248 1962 292 2027 τό
297 1987 315 2027 ν
350 1959 458 2045 νόμων
484 1964 613 2037 θέσεως
643 1954 703 2026 οόκ
731 1957 801 2027 ἀπό
837 1963 1050 2044 συμβολαίων
1083 1965 1140 2024 καῖ
1175 1961 1240 2024 τῶν
1275 1957 1360 2042 πρός

249 2063 411 2153 ἀλλήλους
438 2066 576 2132 δικαίων
603 2061 724 2152 ήρξατο
752 2075 822 2143 τοῖς
851 2063 966 2143 ἄλλοις
994 2068 1258 2151 παραπλησίως,
1287 2062 1358 2130 αλλ’

248 2174 308 2242 έπί
337 2173 395 2240 τόν
423 2172 506 2240 θεόν
533 2178 590 2238 καῖ
612 2172 669 2257 τήν
690 2182 749 2241 τοῦ
770 2175 895 2258 κόσμου
917 2171 1124 2258 κατασκευήν
1147 2171 1207 2249 τοὶς
1228 2174 1360 2255 γνώμας
1424 2160 1429 2167 ’

249 2277 362 2347 αὐτῶν
390 2274 583 2362 ἀναγαγών,
613 2285 669 2345 καῖ
699 2286 823 2356 πείσας
851 2278 902 2345 ότι
924 2279 987 2344 τῶν
1008 2280 1067 2344 έπῖ
1090 2280 1149 2363 γής
1172 2276 1277 2364 έργων
1298 2287 1358 2342 τοῦ

248 2388 333 2453 θεοό
356 2385 400 2451 τό
422 2383 600 2452 κάλλιστόν
620 2383 722 2471 ἐσμεν
742 2380 923 2468 ἄνθρωποι
949 2392 1077 2451 secutus
1099 2384 1221 2450 codices
1242 2383 1353 2463 SPLE,

246 2493 373 2558 NIesIus
401 2493 519 2559 omittit
547 2489 592 2558 τό
621 2492 791 2558 secundum
815 2500 994 2559 ceterorum
1014 2492 1155 2559 codicum
1176 2492 1353 2557 lectionem.

247 2600 366 2677 Locus,
402 2599 456 2665 ubi
493 2598 727 2681 praedicativus
759 2599 1008 2681 deprehenditur
1039 2599 1269 2681 superlativus,
1298 2598 1355 2663 hos

246 2710 389 2789 repperi:

329 2815 419 2879 Anto.
444 2811 496 2880 lib.
518 2812 565 2893 ΙΙ,
596 2814 699 2894 §100
722 2806 901 2896 Ῥουβήλου
932 2820 1216 2897 προηγοροῦντος,
1249 2807 1285 2887 ὃς
1316 2806 1356 2896 ήν

247 2917 478 3003 πρεσβέτατος
504 2914 617 2983 αὐτῶν
646 2917 763 3000 (lacobi
790 2918 946 2996 filiorum).
991 2919 1093 2999 §229
1114 2911 1152 3002 ήν
1172 2914 1353 3002 όμολογου·

246 3031 351 3111 μένως
371 3062 411 3072 -
435 3023 646 3111 φρονήματός
667 3049 703 3090 τε
723 3029 861 3109 μεγέθει
882 3029 940 3088 καὶ
968 3022 1081 3089 πόνων
1106 3023 1354 3109 καταφρονήσει

240 3128 405 3214 Ἑβραίων
425 3127 574 3217 ἄριστος.
603 3132 666 3195 265
686 3140 788 3197 τοῦτο
808 3133 866 3212 (sc.
888 3129 926 3195 τό
941 3134 1079 3195 Σιναῖον
1101 3126 1189 3213 όρος)
1210 3131 1240 3195 δ’
1262 3127 1356 3197 ἐστίν

245 3234 459 3326 ὑψηλότατον
492 3245 558 3302 τῶν
593 3240 696 3326 ταότη
733 3232 820 3320 ὀρῶν
854 3241 911 3301 καῖ
948 3236 1034 3318 πρός
1069 3237 1174 3321 νομός
1203 3233 1354 3322 ἄριστον.

245 3340 307 3421 ΙΙΙ,
329 3342 370 3407 40
467 3341 499 3409 οἱ
528 3340 586 3427 τήν
606 3348 741 3426 Πέτραν
761 3343 1012 3419 κατοικοῦντες,
1040 3342 1073 3407 οἳ
1092 3343 1271 3408 καλοῦνται
1294 3344 1355 3427 μὲν

240 3440 473 3534 Ἀμαληκῖται,
500 3445 730 3533 μαχιμώτατοι
759 3448 798 3514 δὲ
825 3457 890 3513 τῶν
915 3444 1024 3514 ἐκεῖσε
1051 3445 1164 3514 ἕθνιόν
1191 3445 1353 3534 όπήρχον.

246 3555 286 3620 76
315 3554 366 3636 (τό
387 3554 537 3638 Σιναῖον)
568 3551 782 3643 όψηλότατον
808 3563 877 3619 ταῖν
905 3550 943 3621 έν
971 3552 1110 3632 ἐκείνοις
1133 3563 1202 3631 τοῖς
1221 3562 1355 3640 χωρίοις

246 3656 332 3748 ὀρῶν
361 3658 534 3743 τυγχάνον.
574 3662 638 3728 200
669 3656 833 3729 ἁπάντων
867 3659 896 3724 d'
930 3655 990 3745 ήδη
1024 3670 1131 3744 πέρας
1161 3658 1354 3745 εἰληφότων,

245 3763 369 3844 έόοξαν
397 3764 531 3850 ἄριστοι
560 3766 624 3832 τῶν
652 3765 860 3852 δημιουργῶν
886 3768 1091 3851 Βεσελέηλος
1117 3771 1174 3831 καῖ
1191 3762 1353 3850 Ἐλίαβος.

244 3871 298 3952 IV,
317 3875 355 3940 19
376 3871 606 3961 πρεσβύτατοι
622 3872 686 3959 γαρ
702 3867 798 3940 οὗτοι
817 3874 886 3938 τῶν
905 3871 1028 3959 ταύτην
1048 3871 1106 3957 τήν
1126 3872 1235 3959 φυλήν
1256 3897 1352 3958 νεμο·

244 3983 353 4063 μένων
381 3984 438 4044 καῖ
465 3979 605 4047 δυνατοὶ
630 3980 805 4067 χρημάτων
833 3984 1026 4067 περιουσίᾳ.
1068 3982 1110 4044 40
1130 3979 1173 4046 σι)
1194 3980 1258 4068 γαρ
1279 3976 1354 4064 ἐμοὶ

244 4094 312 4152 τῶν
323 4084 380 4153 ὑπ’
395 4083 477 4172 ἐμοῦ
488 4110 736 4174 πεπραγμένων
746 4084 873 4172 μάρτυς
886 4083 1157 4167 ἀξιολογώτατος.
1176 4091 1231 4153 181
1246 4088 1353 4153 ταῦτα

245 4191 284 4258 de*
318 4190 522 4281 πράττοντες
560 4190 785 4277 ἀλκιμώτατοι
827 4189 938 4276 μάχας
973 4192 1154 4273 διενεγκεῖν
1192 4189 1355 4258 ἁπάντων

243 4294 370 4371 ἔσεσθε
400 4303 458 4365 καὶ
486 4300 604 4386 μηδενὶ
625 4301 689 4366 τῶν
716 4295 850 4385 ἐχθροῖν
878 4291 1049 4365 εὐάλωτοι.
1096 4300 1153 4364 193
1183 4304 1352 4384 συνέθηκα
