3225 4734
670 254 875 329 *uli-³

218 442 276 507 καὶ
296 441 532 526 Βενιαμίτιδος
558 436 594 507 έν
621 447 731 529 τρισὶν
753 436 899 529 ἡμέραις.
942 439 1013 521 XII,
1036 448 1072 522 2,
1095 440 1133 505 12
1155 461 1185 524 p.
1209 437 1266 520 75,
1289 438 1328 508 10

219 553 488 634 μεταγραφέντος
518 549 556 614 δὲ
586 558 645 614 τοῦ
675 548 777 633 νόμον
803 553 860 613 καὶ
887 549 946 612 τοῦ
969 548 1052 613 κατά
1074 548 1131 632 τήν
1152 546 1329 633 ἑρμηνείαν

219 653 318 742 ἔρχου
352 656 445 731 τέλος
476 653 512 720 έν
544 653 682 740 ἡμέραις
708 653 934 741 ἑβδομήκοντα
964 661 1020 720 καὶ
1051 655 1128 720 δοσὶ
1159 655 1328 740 λαβόντος.

218 759 310 839 XIII,
337 763 389 831 16,
412 765 432 825 5
453 781 483 842 p.
506 764 581 840 200,
607 766 646 826 18
672 761 792 844 σχεδὸν
821 760 885 848 γάρ
911 758 949 827 έν
978 759 1115 849 ἡμέραις
1147 762 1329 826 δεκαπέντε

218 870 347 946 χωρίων
368 863 549 953 έκράτήσεν
572 869 676 933 εἴκοσι
700 866 786 951 δύο,

302 972 334 1037 si
366 975 517 1039 cardinali
549 973 677 1039 additur
708 983 778 1049 πᾶς
806 976 858 1039 vel
888 969 964 1050 ὅλος
991 975 1041 1042 vel
1072 974 1174 1039 simile
1205 974 1328 1040 addita-

218 1085 371 1157 mentum,
393 1098 445 1144 res
466 1080 512 1144 ita
530 1099 565 1146 se
587 1079 700 1146 habet:

195 1191 197 1195 ’
302 1181 339 1249 ἕν
360 1186 508 1250 omissum
531 1192 596 1251 est:

302 1290 410 1371 (ἔτος
439 1292 576 1372 spatium
605 1291 812 1375 determinat)
844 1297 932 1359 Antt.
957 1293 1017 1371 Vl,
1040 1297 1080 1359 84
1102 1293 1185 1378 μετά
1209 1294 1248 1358 δὲ
1271 1294 1329 1378 cdv

217 1395 353 1464 ἐκείνων
384 1398 555 1482 τελευτήν,
587 1398 678 1464 ἔτεσι
707 1398 891 1474 τοῖςπᾶσι
913 1400 994 1465 δέκα
1015 1406 1071 1464 καὶ
1094 1401 1178 1483 πρὸς
1199 1398 1330 1477 τούτοις

219 1501 314 1581 ὀκτώ,
336 1505 373 1569 τὸ
395 1508 528 1589 πλὴθος
550 1499 658 1570 αὐτῶν
680 1501 825 1587 άναρχία
847 1511 995 1588 κατέσχε.

303 1613 380 1677 Bell.
398 1614 438 1691 II,
456 1615 483 1693 8,
507 1618 534 1693 7,
557 1614 597 1677 32
617 1610 700 1694 μετά
725 1612 788 1695 γάρ
811 1611 869 1696 τήν
891 1621 948 1697 τὴς
968 1620 1144 1696 καρτερίας
1163 1610 1330 1688 ἐπίδειξιν

219 1716 259 1796 (si
273 1718 343 1798 quis
354 1719 546 1784 Essenorum
564 1725 684 1783 sectam
706 1724 875 1782 secuturus
897 1723 962 1799 cst)
985 1719 1083 1784 dvctv
1105 1718 1218 1795 ἄλλοις
1239 1718 1328 1784 ἔτεσι

220 1822 257 1887 cd
279 1819 363 1908 ἡθος
386 1823 610 1909 δοκιμάζεται.

303 1926 408 2017 ἡμέρα
430 1931 566 2011 positum
590 1932 727 1996 estsine
750 1927 803 1997 o’v:

303 2039 391 2103 Antt.
414 2036 497 2116 XIV,
522 2040 570 2115 14,
594 2041 614 2101 5
636 2038 676 2101 in.
699 2042 755 2101 καὶ
776 2045 874 2103 τοτ’το
896 2043 1054 2122 μέγιστον
1075 2034 1114 2122 ἡν
1135 2048 1191 2123 τὴς
1206 2035 1327 2104 Ἀντω-

219 2151 292 2210 νίοο
322 2150 402 2231 περὶ
431 2145 489 2210 τὸν
508 2140 662 2229 Ἧριάδήν
688 2146 857 2233 σπουδῆς,
888 2143 938 2210 ὅτι
965 2146 1008 2230 μὴ
1036 2146 1139 2230 μόνον
1161 2143 1250 2236 αὐτῷ
1271 2146 1329 2231 τήν

218 2254 397 2336 βασιλείαν
409 2247 648 2328 οἷῑκέλπίζοντι
661 2251 928 2338 περιεποιήσατο
948 2290 977 2297 -
1000 2249 1071 2318 ἀλλ’
1089 2252 1139 2318 δτι
1161 2259 1217 2318 καὶ
1239 2251 1327 2319 ἑπτά

219 2367 294 2433 ταῖς
327 2355 457 2433 πάσαις
488 2352 626 2443 ἡμέραις
652 2362 822 2440 παρέσχεν
852 2352 960 2446 αὐτῷ,
994 2357 1123 2440 τοχόνιί
1152 2369 1216 2424 τῶν
1248 2356 1329 2426 οὐδὲ

221 2465 534 2549 προσδοκηθέντων,
557 2456 722 2528 άπελθεῖν
744 2465 779 2528 ἐκ
800 2466 856 2546 τῆς
869 2461 1025 2539 Ἰταλίας.

305 2580 374 2646 πᾶς
395 2570 445 2661 vel
470 2564 545 2644 ὅλος
567 2587 636 2633 cum
659 2569 696 2633 ἐν
717 2571 933 2635 coniunctum:
977 2650 979 2654 .

304 2676 383 2741 Bell.
399 2675 424 2754 I,
442 2677 472 2754 2,
489 2677 517 2753 8,
534 2680 572 2738 17
596 2674 637 2738 τά
659 2677 742 2739 κατά
766 2675 825 2759 τήν
847 2672 951 2760 άρχὴν
971 2674 1132 2741 κάλλιστα
1155 2677 1328 2762 διοικήσας

220 2785 257 2853 έν
279 2793 368 2870 τρισὶ
388 2791 444 2850 καὶ
466 2784 645 2871 τριάκοντα
668 2783 757 2861 ὅλοις
780 2783 901 2850 ἔτεσιν.

304 2898 393 2959 Antt.
413 2893 483 2972 XII,
506 2894 535 2971 2,
560 2895 579 2955 2
599 2910 628 2971 p.
653 2893 702 2969 63,
729 2893 766 2955 18
788 2897 914 2973 ταχέως
935 2888 971 2957 έν
994 2891 1080 2957 ἑπτά
1103 2901 1177 2968 ταῖς
1198 2892 1329 2968 πάσαις

221 2992 360 3081 ἡμέραις
382 2997 475 3071 τέλος
496 2992 624 3079 εἰλήφει
646 2992 687 3057 τά
711 2994 878 3075 δοχθέντα
902 3002 945 3082 τῷ
966 2996 1109 3078 βασιλεῖ.
1140 2994 1222 3072 XIV,
1245 3000 1291 3074 10,
1309 2998 1328 3059 6

222 3121 250 3180 p.
268 3105 338 3182 236,
356 3105 397 3166 26
420 3107 564 3186 (senatus
585 3100 741 3177 decernit)
763 3100 804 3164 τά
826 3097 1041 3186 ἀποκρίματα
1065 3097 1179 3176 αὐτοῖς
1200 3101 1328 3169 (ludae-

223 3224 311 3269 orum
339 3208 453 3288 legatis
475 3209 593 3272 Romae
620 3205 834 3289 versantibus)
864 3203 1101 3271 ἀποδίδοσθαι
1129 3203 1165 3271 ἐν
1191 3203 1329 3293 ἡμέραις

129 3395 132 3398 ἢ
226 3308 305 3372 δέκα
328 3320 401 3386 ταῖς
424 3309 590 3388 άπάσαις.

309 3416 377 3492 Qua
405 3419 635 3484 constructione
657 3417 808 3498 Iosephus
829 3424 958 3503 utatur,
986 3418 1013 3482 si
1038 3416 1166 3482 adhibet
1185 3418 1330 3484 substan-

225 3519 299 3602 tiva,
322 3540 452 3602 quorum
474 3522 577 3587 altera
598 3544 672 3605 pars
694 3533 744 3589 est
766 3524 934 3603 cardinale,
957 3525 1036 3589 haec
1057 3524 1293 3590 demonstrant:

309 3629 395 3691 Antt.
419 3626 512 3705 VIII,
540 3632 596 3692 141
633 3628 730 3695 ταῦθ’
765 3626 783 3694 ὃ
814 3628 973 3714 Σολομῶν
1004 3631 1194 3718 εἰκοσαετίᾳ
1226 3656 1329 3695 κατα·

225 3731 402 3809 σκευάσας.
431 3732 498 3812 XV,
515 3736 544 3813 9,
560 3736 580 3798 6
599 3754 628 3816 p.
645 3737 717 3815 337,
735 3741 771 3799 11
795 3730 814 3819 ἡ
835 3739 896 3819 μὲν
916 3736 956 3821 δή
979 3734 1076 3810 πόλις
1096 3732 1199 3813 οὕτως
1219 3732 1329 3812 ἕξετε-

224 3840 331 3923 λέσθη
353 3839 553 3904 δωδεκαετεῖ
571 3839 687 3928 χρόνῳ.

308 3947 343 4011 ln
376 3945 528 4026 temporis
559 3945 696 4027 indiciis,
728 3948 756 4013 si
785 3947 1016 4012 cardinalia
1043 3966 1105 4012 nou
1132 3947 1329 4031 adhibentur,

225 4073 321 4135 saepe
343 4058 450 4117 tamen
472 4051 597 4118 dativus
618 4053 703 4117 solus
722 4053 895 4134 reperitur,
918 4059 955 4118 ut
976 4053 1121 4134 spatium,
1143 4055 1227 4118 intra
1248 4056 1331 4136 quod

17 4168 19 4241 j
103 4219 108 4225 ,
223 4159 340 4243 aliquid
356 4159 421 4240 fiat,
443 4159 600 4223 iudicetur
621 4159 733 4240 (Attici
748 4166 855 4223 autem
874 4161 1136 4242 praepositionem
1159 4179 1219 4227 non
1241 4163 1331 4233 omit

224 4266 357 4354 lebant).
