3225 4734
705 212 912 278 hm..

255 380 381 472 λέγειν,
411 387 443 456 εἰ
465 392 509 474 μη
536 389 699 476 στρατιάν
727 385 875 475 ἢγαγεν
901 388 949 467 εἰς
965 385 1127 472 Ἀραβίαν
1148 387 1232 475 μηδὲ
1255 390 1366 472 δισχι-

255 500 346 573 λίους
367 503 423 562 καὶ
445 504 687 573 πεντακοσίους
709 494 919 564 ἀπέκτεινε
940 498 1005 563 των
1025 493 1111 575 ἐκεῖ,
1133 498 1217 583 μηδὲ
1240 496 1364 580 αἰχμα-

255 602 380 680 λώτους
400 601 522 688 λάβοι.

339 710 401 775 Vit.
424 714 458 788 ὁ,
482 715 500 774 7
530 710 647 786 δείσας
674 711 754 790 γοῦν
783 709 827 794 μη
857 711 964 775 ταῦτα
996 719 1142 792 συνεχως
1174 712 1278 792 λέγων
1305 709 1362 775 διά

255 824 375 901 μίσους
408 809 629 902 άψικοίμην
660 822 717 881 καὶ
749 811 903 906 ὑποψίας
936 813 981 894 οῖς
1016 816 1058 881 τά
1095 819 1159 882 τῶν
1197 819 1366 901 πολεμίων

256 930 399 1008 φρονῶν,
421 928 477 987 καὶ
498 921 726 990 κινδυνεύσω
750 924 866 1008 ληθεὶς
888 917 944 988 ὕπ’
967 918 1076 989 αὐτῶν
1097 918 1333 1010 ἀναιρεθῆναι.

339 1029 458 1094 Horum
482 1031 696 1111 exemplorum
716 1036 846 1109 praeter
868 1031 957 1095 Antt.
980 1029 1065 1110 XIII,
1089 1032 1118 1108 3,
1142 1034 1158 1093 1
1182 1049 1211 1111 p.
1237 1032 1306 1108 139,
1328 1031 1364 1110 33

256 1134 339 1214 XIV,
362 1139 397 1214 3,
420 1138 455 1213 3,
478 1138 536 1214 263
560 1136 622 1201 Vit.
645 1141 678 1215 5,
702 1141 739 1213 7,
769 1133 822 1200 ubi
853 1136 1067 1201 coniunctivus
1089 1141 1123 1200 ct
1144 1137 1312 1217 optativus,
1333 1137 1365 1200 in

256 1241 398 1307 omnibus
424 1241 612 1306 indicativus
645 1250 679 1307 et
709 1242 869 1322 optativus
902 1250 958 1307 aut
988 1243 1203 1308 coniunctivus
1231 1242 1365 1308 variant.

257 1339 379 1412 Deindc
400 1349 427 1412 si
449 1349 591 1413 conferas
610 1347 845 1412 multitudinem
866 1348 1006 1428 illorum,
1036 1366 1116 1429 quae
1142 1367 1239 1429 supra
1260 1347 1365 1427 attuli,

258 1473 328 1519 cum
349 1455 461 1520 hurum
479 1455 656 1535 paucitate,
686 1463 820 1536 apparet
848 1455 1035 1535 scripturam
1058 1454 1278 1520 concinnitatis
1299 1463 1366 1520 stu·

257 1558 379 1625 diosum
409 1577 488 1625 esse.
532 1560 644 1640 Itaque
673 1561 844 1626 verisimile
873 1567 923 1625 cst
953 1580 1024 1625 cum
1057 1561 1112 1626 illo
1140 1560 1208 1627 loco
1237 1561 1276 1626 de
1305 1578 1367 1642 quc

257 1665 451 1747 disputamus
472 1665 650 1748 scripsisse:
673 1664 904 1752 ῖστερησειαν.

341 1980 372 2060 Ι,
394 1982 454 2044 128
475 1979 557 2060 apud
581 1979 742 2044 Naberum
765 1986 832 2044 ast:
869 1979 996 2062 μάρτυς
1016 1979 1053 2044 δὲ
1074 2003 1138 2064 μου
1161 1977 1367 2069 τοῦλόγου

258 2092 319 2169 μία
341 2095 405 2151 τῶν
426 2084 463 2152 ἐν
480 2085 757 2175 Κύπρηιπόλεων
779 2085 951 2169 ἰσχύσασα
976 2085 1031 2170 την
1053 2092 1281 2170 προσηγορίαν
1301 2109 1366 2169 φυ-

239 2190 375 2270 ίάξαι,
397 2192 523 2257 Niesius
544 2193 610 2259 edit
629 2192 757 2278 μάρτυς
779 2193 818 2258 δέ
838 2218 902 2278 μου
924 2192 1100 2283 τῷλόγῳ.

341 2297 466 2387 μάρτυς
494 2297 581 2365 εῖναι
610 2301 660 2366 vel
689 2309 871 2388 μαρτυρεῖν
893 2302 942 2365 val
963 2301 1065 2365 simile
1087 2300 1135 2364 his
1156 2300 1231 2366 locis
1253 2299 1366 2380 depre-

258 2405 368 2471 hendi:

250 2597 251 2601 Ἰ
341 2512 429 2577 nntt.
452 2512 476 2590 I,
497 2515 556 2578 107
578 2515 783 2599 μαρτυροῦσι
806 2512 844 2577 δέ
865 2536 929 2595 μου
951 2514 995 2602 τῷ
1015 2512 1101 2602 λόγῳ
1124 2509 1250 2587 πάντες
1271 2512 1303 2576 οῖ
1324 2546 1367 2558 -

259 2617 541 2709 συγγραψάμενοι
564 2670 571 2684 .
594 2669 628 2684 ..
671 2623 734 2685 240
764 2630 927 2707 μαρτυρεῖ
958 2621 997 2686 δέ
1028 2645 1093 2705 μου
1123 2622 1168 2709 τῷ
1198 2619 1283 2709 λόγῳ
1309 2623 1367 2683 καῖ

258 2722 481 2809 Ἀλέξανδρος.
512 2725 582 2806 XII,
605 2729 633 2805 3,
656 2729 675 2789 3
697 2745 727 2806 p.
750 2730 799 2806 79,
823 2729 864 2793 30
885 2723 929 2801 ὡς
942 2735 1105 2811 μαρτυρεῖ
1122 2726 1254 2802 τούτοις
1276 2721 1367 2811 ημῶν

259 2839 329 2908 τοῖς
354 2830 466 2907 λόγοις
493 2829 671 2912 Πολύβιος.
713 2832 806 2911 ΧΙΙΙ,
831 2836 866 2913 8,
889 2836 925 2913 4,
950 2838 989 2900 10
1022 2833 1148 2920 μάρτυς
1177 2833 1215 2897 δὲ
1243 2831 1368 2897 τούτων

259 2931 336 3022 ημῖν
356 2935 429 3003 ἐστι
451 2943 508 3002 καὶ
529 2936 702 3014 Νικόλαος.
746 2939 838 3017 XIV,
861 2944 897 3020 8,
919 2943 954 3019 3,
976 2942 1017 3004 22
1046 2948 1209 3024 μαρτυρεῖ
1236 2939 1274 3004 δέ
1302 2962 1366 3022 μου

260 3049 305 3136 τῷ
325 3047 411 3135 λόγῳ
430 3046 600 3129 Στράβων,
620 3047 698 3110 item
720 3047 787 3124 XV,
812 3051 839 3123 1,
861 3050 891 3126 2,
915 3054 939 3111 1.
968 3047 1083 3127 XVIII,
1099 3050 1163 3126 6,5
1187 3068 1216 3129 p.
1235 3052 1302 3128 154,
1325 3050 1364 3111 21

259 3150 462 3239 μαρτυρήσει
484 3152 522 3218 δέ
543 3176 600 3236 μοι
622 3161 666 3241 cpi
688 3150 773 3242 λόγῳ
800 3189 834 3198 -
859 3157 1015 3239 Τιβερίου
1037 3152 1074 3218 τὸ
1096 3152 1194 3239 ἔργον
1214 3148 1309 3218 adad.

343 3259 482 3323 Dainda:

343 3366 406 3445 ΠΙ,
429 3366 470 3430 74
498 3365 604 3440 καλοῖς
632 3363 720 3447 ἔχειν
745 3359 925 3450 ηγοάμενος
945 3364 1075 3452 titana
1097 3376 1278 3454 μαρτυρεῖν
1298 3375 1368 3443 τοῖς

261 3465 379 3548 άξίοις.
422 3472 480 3551 IV,
503 3474 545 3537 40
573 3469 615 3536 σύ
642 3470 706 3555 γάρ
735 3466 810 3555 ἐμοὶ
836 3479 901 3537 τῶν
928 3469 985 3539 ὑπ’
1018 3470 1100 3558 ἐμοῦ
1123 3478 1369 3558 πεπραγμένων

260 3577 387 3663 μάρτυς
401 3574 674 3659 ἀξιολογώτατος.
698 3582 735 3640 41
759 3577 1067 3662 τούτωνμοίγενοῦ
1089 3579 1221 3665 μάρτυς.
1245 3580 1283 3659 V,
1307 3583 1367 3643 113

260 3681 387 3769 μάρτυς
416 3683 445 3747 δ’
475 3679 553 3768 ημῖν
580 3692 638 3748 τοῦ
668 3678 726 3748 ἐπὶ
754 3682 890 3775 τοιαύτη
917 3684 974 3751 τὸν
1001 3685 1113 3770 βωμὸν
1140 3684 1233 3774 αἶτίηι
1263 3710 1367 3749 κατα-

262 3789 428 3857 σκευάσαι
455 3793 583 3870 γένοιτο
613 3782 630 3853 ὃ
661 3787 751 3866 θεός.
796 3793 857 3854 317
887 3785 967 3872 (δεῖ)
997 3799 1177 3877 μαρτυρεῖν
1205 3791 1234 3855 δ’
1254 3787 1368 3880 ἐκείνῳ

262 3897 321 3984 την
341 3896 389 3973 εἷς
410 3891 514 3961 τᾶλλα
537 3894 650 3961 πάντα
673 3898 731 3983 της
750 3892 868 3982 άρετης
890 3904 1103 3979 περιουσίαν.
1133 3896 1186 3975 VI,
1209 3900 1270 3963 355
1293 3894 1367 3978 ιἐγώ

262 4006 331 4091 μέν’
350 4002 426 4070 εἶπε
448 4005 611 4088 ’μαρτυρῶ
628 4025 683 4068 σοι
699 4003 827 4089 πολλὴν
841 4008 920 4089 περὶ
935 4000 995 4087 ἐμὲ
1010 4003 1173 4088 σπουδην.
1201 4004 1287 4085 XIII,
1303 4007 1332 4085 5,
1349 4007 1368 4069 3

262 4131 292 4193 p.
321 4114 396 4190 152,
426 4115 444 4174 3
477 4106 685 4199 ἀπέπεμψεν
707 4148 749 4157 -
770 4110 854 4195 πρὸς
880 4104 1044 4195 Ἰωνάθην
1074 4120 1251 4198 μαρτυρῶν
1280 4104 1370 4201 οὗτῷ

183 4310 187 4325 Ι
264 4228 319 4307 της
349 4224 548 4303 συμμαχίας.
594 4221 647 4297 10,
671 4221 705 4298 5,
732 4223 768 4282 15
796 4219 860 4280 των
894 4219 931 4281 δὲ
961 4217 1243 4306 μαρτυρησάντων
1279 4214 1369 4310 αδτηῖ
