3225 4734
694 263 901 330 ..23..

246 440 364 510 πάσαν
389 434 509 528 άρετην
537 434 556 508 ό
583 440 645 525 μὲν
671 435 760 528 ἥσθη
789 449 860 519 τοῖς
879 437 1044 520 έπαίνοις.
1084 441 1174 524 XIV,
1198 445 1254 527 10,
1279 440 1353 525 7,1

246 550 447 632 (consultum)
475 557 601 614 τῶν-
623 545 878 637 αὐτοκρατόρων
905 546 942 616 ἕν
967 559 1040 626 ταῖς
1061 547 1244 637 ἐπαρχίαις
1267 577 1353 637 μαρ-

248 654 461 741 τυρησάντων
479 652 631 746 Ὑρκανῷ
652 694 693 703 -
713 659 824 732 καλοῖς
854 655 922 739 ἔχει
953 663 1010 722 καὶ
1041 654 1128 743 ημᾶς
1158 654 1354 743 άπομνημο-

249 763 422 830 νεύειν...
463 764 547 844 XVI,
570 767 599 844 2,
621 769 642 829 4
663 784 693 845 p.
716 767 744 842 6,
769 769 787 827 7
811 765 844 829 οἵ
864 789 902 843 γε
924 764 988 848 μην
1009 761 1169 849 ἕμποδιόν
1189 764 1280 841 ὄντες
1300 770 1356 830 καῖ

247 870 333 957 πρός
355 867 519 956 ἐπήρειαν
538 867 701 955 χρεόμενοι
720 864 898 947 Ἰουδαίοις
919 910 960 917 -
983 868 1153 950 άδικοῦσι,
1175 871 1252 948 τούς
1267 871 1354 957 εἰλη-

251 979 358 1064 φότας
380 980 435 1059 (sc.
457 976 631 1059 beneficia),
662 975 694 1043 εἰ
711 982 755 1062 μη“
777 979 946 1060 νομίζοιεν
974 973 1127 1058 dyacona
1149 976 1199 1054 οἷς
1220 978 1252 1043 οἱ
1273 977 1355 1065 κρά-

248 1109 356 1154 τιστοι
368 1082 604 1171 ἐμαρτύρησαν
619 1082 655 1152 ἐν
670 1086 714 1173 τῷ
729 1085 937 1165 καίμοιαῖτα
951 1085 1178 1165 δεδωκέναι...
1200 1087 1284 1167 XVI,
1296 1091 1324 1167 5,
1338 1093 1357 1152 4

248 1213 277 1275 p.
300 1195 357 1273 24,
382 1196 419 1258 18
452 1190 637 1279 μαρτύριον
658 1192 696 1257 δέ
717 1216 781 1277 μου
804 1191 923 1258 τούτου
945 1202 1004 1258 τοῦ
1027 1191 1166 1269 πάθους
1186 1196 1234 1272 (et
1255 1194 1355 1258 muni·

247 1300 394 1366 ficentiae
416 1304 449 1364 et
471 1297 668 1363 crudelitatis
691 1297 849 1381 Herodis),
875 1295 926 1364 ὅτι
1025 1298 1141 1377 XVIII,
1166 1302 1194 1378 1,
1217 1301 1245 1379 3,
1268 1302 1287 1366 3
1309 1297 1357 1376 εἷς

247 1404 388 1473 τοσόνδε
410 1399 527 1490 άρετῖης
548 1404 584 1471 αῖ
607 1403 723 1481 πόλεις
743 1401 988 1490 ἐμαρτύρησαν.

329 1512 476 1578 Tralate:
767 1504 769 1509 ’

330 1619 370 1699 ΙΙ,
386 1622 426 1683 59
447 1615 506 1684 ἐπὶ
522 1618 560 1684 δὲ
575 1627 613 1707 τῇ
633 1621 836 1699 γυναικίκαὶ
851 1619 979 1701 μάλλον
999 1612 1135 1703 ἐφρόνει
1156 1619 1355 1704 (Πετεφρῖης)

247 1723 448 1811 κοσμιότητα
477 1729 533 1789 καὶ
561 1725 782 1809 σωφροσύνην
803 1719 885 1813 αὐτῇ
907 1727 1093 1808 μαρτυρῶν.
1139 1725 1200 1805 IV,
1221 1727 1283 1788 212
1306 1725 1357 1800 δίς

248 1833 278 1897 δ’
309 1829 449 1916 ἑκάστης
481 1827 604 1917 ἡμέρας
625 1867 666 1876 -
688 1837 869 1915 μαρτυρεῖν
901 1830 955 1914 (sc.
987 1829 1099 1915 νόμος)
1131 1832 1175 1919 τῷ
1201 1837 1273 1920 θεῷ
1297 1828 1358 1906 τάς

248 1938 376 2028 δωρεάς
398 1934 438 2015 ἃς
459 1976 498 1984 -
521 1941 681 2021 παρέσχε.

330 2046 503 2111 Praeterea
525 2043 580 2110 cI:

329 2153 376 2233 ΙΙ,
398 2156 460 2218 235
487 2156 544 2217 καῖ
572 2157 735 2237 μαρτυρεῖ
760 2151 892 2234 (Moses)
918 2160 959 2240 τῇ
993 2151 1265 2238 προσαγορεύσει
1297 2150 1356 2216 διά
1388 2181 1390 2184 ⁴

247 2269 306 2327 τοῦ
336 2258 512 2341 γεγονότος
540 2257 704 2342 (librorum
733 2275 893 2323 sacrorum
922 2259 1081 2339 interpres
1104 2258 1258 2323 Pharaoni
1279 2257 1356 2323 dicit

246 2367 285 2432 de
315 2367 402 2432 Mose
431 2365 576 2447 infante).
604 2364 680 2443 III,
707 2367 765 2429 189
796 2364 1056 2450 μαρτυρούντων
1082 2366 1112 2432 δ’
1142 2362 1194 2451 ἐφ’
1222 2361 1357 2431 άπασιν

245 2467 334 2561 αὐτῷ
362 2467 530 2557 (Ἀαρῶνι)
558 2476 614 2536 καί
635 2508 676 2517 -
699 2467 960 2555 ἐνδεικνυμένων
984 2509 1016 2517 -
1042 2470 1148 2537 εἶπεν.
1213 2471 1274 2550 IX,
1294 2473 1355 2535 283

247 2586 410 2667 μαρτυρεῖ
442 2578 480 2644 δὲ
512 2577 644 2653 τούτοις
674 2582 730 2642 καὶ
764 2577 976 2659 Μένανδρος.
1018 2578 1095 2656 XII,
1124 2580 1157 2653 1,
1184 2597 1213 2657 p.
1236 2580 1293 2654 58,
1315 2580 1352 2641 31

246 2693 409 2773 μαρτυρεῖ
427 2685 465 2751 δὲ
486 2685 530 2773 τῷ
550 2683 636 2773 λόγῳ
658 2683 764 2773 τούτῳ
780 2680 1101 2769 καὶἎγαδαρχίδης.
1132 2686 1159 2762 3,
1176 2687 1195 2748 3
1211 2703 1240 2763 p.
1254 2687 1303 2761 79,
1314 2686 1355 2748 26

245 2792 430 2878 γράφει-
452 2801 521 2868 τοῖς
549 2794 677 2877 φίλοις,
707 2802 883 2880 μαρτυρῶν
913 2801 983 2868 τοῖς
999 2787 1177 2870 Ἰουδαίοις
1205 2790 1290 2877 ὑπὲρ
1312 2788 1357 2858 ὧν

245 2896 281 2967 εὖ
310 2898 396 2985 πρός
423 2896 538 2964 αύτων
558 2897 682 2964 πάθοι.
726 2899 821 2979 XIII,
847 2904 903 2979 10,
924 2902 960 2979 4,
985 2902 1026 2964 25
1052 2895 1097 2975 τός
1118 2909 1280 2986 μαρτυρεῖ
1300 2907 1356 2965 καὶ

245 3005 402 3092 Στράβων
424 3003 510 3093 ημῖν.
556 3005 640 3086 XIV,
666 3013 694 3084 7,
721 3009 792 3087 2p.
816 3009 888 3083 220,
911 3008 952 3070 10
975 3009 1098 3072 πολλοί
1118 3030 1154 3071 τε
1176 3001 1271 3073 attam
1290 3008 1357 3071 τῶν
1466 3045 1469 3049 «

245 3118 464 3199 συγγραφέων
485 3109 563 3197 ημῖν
584 3114 804 3200 μαρτυροῦσι.
837 3113 905 3191 XV,
923 3117 951 3191 ό,
974 3114 993 3177 3
1015 3132 1045 3194 p.
1062 3115 1131 3192 362,
1149 3116 1187 3177 31
1209 3108 1355 3199 άρξομαι

246 3219 284 3284 δέ
305 3215 376 3284 άπό
399 3228 457 3285 τοῦ
481 3217 626 3307 πρώτου,
649 3217 821 3304 μάρτυρας
841 3214 925 3303 όμοῖς
948 3217 1149 3301 ποιούμενος
1170 3213 1215 3283 ὧν
1233 3221 1327 3302 λέγω.

329 3324 392 3389 Vit.
422 3328 479 3403 65,
507 3328 634 3406 μ344,
660 3328 697 3390 15
729 3334 766 3414 τη
802 3322 949 3413 citonato
983 3325 1184 3406 (scriptorum
1217 3325 1355 3408 Iosephi)

246 3429 425 3520 ἐμαρτύρει
446 3434 623 3518 (Agrippa).

329 3540 435 3605 Contr.
456 3541 512 3620 Ap.
530 3540 555 3618 Ι,
578 3544 599 3605 4
617 3539 782 3628 χρήσομαι
798 3541 837 3606 δὲ
857 3548 922 3606 τῶν
942 3579 984 3587 -
1005 3544 1190 3626 λεγομένων
1210 3541 1356 3629 μάρτυσι

246 3653 315 3722 τοῖς
336 3641 633 3723 άξιοπιστοτάτοις
656 3646 744 3712 εἶναι
769 3684 807 3692 -
830 3651 1043 3731 κεκριμένοις.
1087 3651 1148 3713 129
1169 3647 1295 3733 μάρτυς
1317 3649 1355 3714 δέ

244 3749 368 3816 τούτων
393 3759 562 3837 Βηρῶσος.
603 3753 649 3832 II,
676 3756 733 3817 136
761 3751 832 3819 ἔδει
861 3752 926 3838 γάρ
956 3750 1047 3843 αύτῷ
1074 3750 1240 3833 (Ἀπίωνι)
1266 3753 1352 3841 μάρ·

245 3883 344 3947 τυρος
364 3856 498 3926 ἑαυτοῦ.

329 3966 414 4047 Ergo
435 3973 510 4032 sunt
530 3966 591 4031 hae
612 3968 861 4034 constructiones
883 3968 967 4048 apud
988 3969 1170 4049 Iosephum:

329 4081 511 4161 μαρτυρεῖν
532 4072 621 4150 τινός
640 4073 764 4158 (Maso.)
786 4100 852 4140 τινι
874 4074 1026 4161 (Nem),

328 4189 508 4267 μαρτυρεῖν
529 4187 597 4246 τινί
616 4202 693 4260 τινι,

408 4327 449 4339 -
532 4295 600 4357 τινί
619 4315 663 4368 τι,
