3225 4734
724 240 930 304 ..1ss-

273 412 402 483 δίκαιοό
419 411 497 482 ε’στε
520 424 709 502 προνοῆσαι
731 413 803 506 idios
828 419 865 481 τὸ
887 415 935 492 εἰς
955 413 1067 499 κοινὴν
1089 407 1196 479 αδτοῦ
1220 412 1254 495 (ἰ.
1278 435 1305 481 9.
1326 426 1386 485 τοῦ

274 518 482 608 ὀρθουμένου
503 532 559 607 τῆς
581 522 722 604 πόλεως)
745 522 803 607 τὴν
827 520 992 609 ὠφέλειαν
1012 518 1185 587 ἀπαντῶν.

357 629 561 710 Perspicuum
587 635 637 694 est
658 629 827 710 Iosephum
849 638 915 694 tum
939 635 1118 715 προνοεῖν
1139 645 1295 708 usurpare
1318 638 1384 696 tum

274 740 557 823 προνοεῖσθαι,
600 741 632 800 91
671 735 796 816 proprie
837 741 870 800 et
902 736 1072 811 translate,
1105 733 1162 798 sed
1196 745 1385 818 προνοεῖν

274 858 344 905 cum
379 840 517 920 genitivo
549 841 747 906 coniunctum
780 841 922 922 saepius,
958 841 984 906 si
1006 840 1165 922 genitivus
1188 839 1295 923 deest,
1316 845 1382 923 ple-

277 965 420 1029 rumque.

356 1053 468 1134 Itaque
501 1052 644 1135 dubium,
681 1053 755 1136 quid
786 1055 840 1119 illo
871 1054 939 1120 loeo
968 1055 1000 1134 Ι,
1023 1057 1063 1119 53
1095 1054 1138 1119 sit
1168 1053 1375 1134 scribendum,

273 1164 567 1241 praestolantem,
597 1162 671 1243 quia
700 1180 808 1227 omncs
835 1180 936 1242 paene
966 1161 1089 1226 codices
1117 1158 1272 1246 προενόει
1290 1178 1377 1241 prae

272 1263 359 1345 bont,
387 1266 523 1330 activam
551 1265 700 1347 formam,
728 1268 916 1349 praesertim
943 1285 1014 1332 cum
1042 1268 1142 1333 multo
1171 1265 1311 1333 crebrior
1331 1267 1380 1347 sit,

274 1369 413 1437 scribere
434 1370 656 1453 (91Ν199199);
679 1380 789 1438 contra
811 1372 917 1437 Naber
939 1379 1026 1437 recte
1048 1372 1132 1452 fecit,
1155 1373 1237 1456 qnod
1260 1372 1385 1453 scripsit

277 1502 404 1563 προο-,
433 1496 506 1542 nam
528 1479 708 1545 Dindoriius
729 1479 792 1544 iam
815 1479 894 1543 vidit
916 1479 968 1563 (cf.
992 1480 1188 1545 Fleckeiseni
1209 1478 1320 1544 Annal.
1344 1481 1385 1543 99

274 1603 305 1665 p.
329 1585 427 1648 821—
447 1584 520 1667 847)
553 1610 676 1672 προε-
700 1604 826 1666 semper
847 1586 879 1650 in
904 1610 1028 1669 προο-
1052 1585 1314 1665 contrahendum;
1344 1582 1383 1648 cf.

274 1691 361 1756 Antt.
386 1689 477 1769 VIII,
499 1693 579 1769 2063
602 1693 661 1771 lX,
686 1694 763 1772 1863
785 1690 861 1770 XV,
884 1696 918 1770 9,
942 1694 962 1755 2
982 1712 1013 1774 p.
1036 1693 1113 1771 331,
1135 1695 1186 1757 25.
1228 1690 1328 1768 XVII,
1354 1693 1383 1769 8,

277 1801 303 1873 1,
325 1799 375 1864 20.
414 1798 499 1878 XIX,
522 1799 656 1877 6,4in.
699 1800 775 1877 XX,
798 1803 855 1877 11,
880 1803 907 1878 1,
935 1803 962 1864 1.
985 1836 1026 1845 —
1068 1798 1310 1882 (Corrigendum
1331 1798 1385 1878 XI,

276 1906 307 1985 6,
329 1906 358 1982 8,
382 1908 401 1966 7
425 1910 458 1969 91
480 1904 694 1990 προυνόησε
715 1904 938 1988 scribendum.)

357 2010 469 2093 Itaque
490 2012 579 2078 Anat.
601 2011 625 2092 I,
648 2015 688 2077 53
712 2008 831 2099 ἀρετῆς
854 2010 1015 2097 προυνόει
1036 2009 1204 2092 legendum
1225 2018 1310 2093 puto.

357 2330 390 2410 I,
411 2333 451 2395 55
481 2328 586 2395 Naber
613 2328 761 2411 praebet:
807 2325 824 2394 ὅ
854 2329 893 2395 δὲ
921 2334 1001 2407 θεός
1031 2334 1142 2406 συνεὶς
1167 2322 1311 2413 τοῦργον
1331 2320 1387 2411 ἧκε

275 2435 361 2523 πρός
392 2435 449 2502 τόν
479 2435 566 2502 Κόῑν
589 2440 667 2519 περὶ
698 2432 868 2520 τάδελφοῦ
901 2439 1159 2521 πυνθανόμενος
1196 2441 1266 2500 ποῦ
1302 2436 1388 2500 ποτὲ

276 2542 336 2627 εἰη.
363 2541 504 2608 Niesius:
529 2550 599 2608 ποῖ.
627 2541 757 2607 Codices
777 2542 897 2608 habent
919 2551 997 2620 ποῖ,
1020 2544 1122 2607 versio
1144 2542 1258 2606 Latina
1284 2538 1386 2621 ,ubi“.

358 2648 406 2712 De
421 2647 479 2713 hoc
493 2649 561 2712 loco
575 2648 638 2712 iam
653 2648 789 2727 Ernesti,
813 2653 924 2728 postea
939 2648 1118 2714 Dindorfius
1134 2647 1384 2728 disputaverunt.

276 2753 364 2821 εἶναι
384 2756 583 2820 coniunctum
605 2772 676 2817 cum
697 2753 846 2819 adverbio
868 2756 970 2820 locum
993 2753 1188 2835 significante
1210 2751 1386 2832 deprehen·

275 2860 379 2925 ditur:
402 2861 490 2926 Anat.
514 2860 567 2939 VI,
590 2862 632 2924 64
652 2868 722 2925 ποῦ
746 2861 820 2924 ποτ’
845 2861 912 2946 εἴη,
935 2860 1027 2936 Vlll,
1050 2862 1110 2923 333
1132 2857 1176 2942 μὴ
1198 2857 1386 2940 δυνάμενος

274 2962 388 3054 εδρεῖν
417 2963 505 3032 όπου
528 2966 602 3032 ποτ’
627 2966 677 3049 εἴη
699 2974 766 3050 γῆς.
804 2965 876 3048 (His
897 2966 1017 3031 duobus
1035 2965 1111 3030 locis
1132 2964 1254 3030 codices
1275 2981 1385 3029 omnes

275 3073 501 3155 consentiunt.)
544 3072 615 3154 XII,
638 3076 666 3153 7,
690 3076 762 3153 41).
787 3073 856 3151 107,
878 3074 918 3137 29
941 3068 1029 3136 ὅπου
1050 3070 1125 3136 ποτ’
1149 3068 1224 3136 εἶεν.
1257 3069 1336 3134 Bell.
1359 3068 1385 3145 Ι,

274 3182 329 3259 25,
356 3183 388 3260 1,
410 3183 431 3243 4
461 3179 528 3244 ποῦ
556 3202 641 3244 ποτε
668 3173 762 3244 ἐστὶν
785 3173 802 3242 ὃ
826 3173 1012 3265 ἆλιτήριος,
1041 3176 1142 3261 ἐβόα,
1177 3174 1244 3242 ποῦ
1268 3171 1386 3259 δὲτὴν

275 3282 503 3372 πατροκτόνον
525 3281 656 3373 ὄψομαι
678 3282 833 3370 κεφαλήν.
862 3284 1060 3364 1111116
1082 3290 1152 3358 τοῖς
1177 3276 1383 3364 ὃπουδήποτ’

275 3387 373 3458 οὖσιν
395 3388 586 3467 Ἰουδαίοις.
629 3392 695 3457 Hos
723 3386 810 3456 locos
832 3391 894 3456 iam
917 3390 1096 3456 Dindorfius
1117 3389 1227 3455 attulit
1248 3394 1281 3453 91
1302 3385 1385 3468 quod

274 3498 325 3563 hic
346 3496 461 3579 ubique
482 3498 600 3563 usitata
622 3497 757 3563 elocutio
779 3495 976 3576 observatur,
998 3495 1110 3560 falsam
1133 3513 1203 3559 esse
1222 3493 1301 3558 dixit
1323 3493 1384 3556 lec-

275 3607 393 3673 tionem
417 3614 480 3671 ποῖ
497 3606 529 3684 Ι,
551 3609 609 3684 55,
632 3612 666 3670 91
686 3605 716 3684 Ι,
744 3607 802 3669 197
827 3613 889 3669 ποῖ
911 3606 968 3687 (sic
990 3602 1121 3683 codices,
1145 3602 1247 3666 versIo
1270 3601 1384 3664 Latina

276 3714 378 3799 ,ubi“,
408 3715 544 3795 epitome
574 3722 659 3791 ποῦ,
687 3713 794 3779 Nabar
824 3714 904 3796 ποῦ)
936 3714 1011 3780 ποτ’
1043 3713 1093 3797 εἴη
1120 3710 1333 3794 τυγχάνουσα
1367 3703 1385 3794 ᾗ

274 3819 408 3909 Σάρρα,
438 3826 472 3886 et
492 3821 583 3902 XIX,
606 3826 642 3901 4,
664 3824 699 3899 2,
722 3823 763 3885 10
792 3829 862 3896 τοῖς
892 3816 987 3886 όποι
1013 3822 1098 3886 ποτὲ
1119 3817 1383 3904 στρατοπέδοις,

275 3927 493 4010 corrigendum
520 3946 589 3994 esse
617 3936 681 3994 ποῖ
707 3923 812 4008 (ὅποι)
839 3926 872 3990 in
901 3934 970 3991 που
1002 3921 1126 4008 (ὅπου).
1170 3925 1286 3989 Utrum
1315 3930 1383 3988 ποῦ

275 4055 314 4100 au
337 4042 401 4102 ποῒ
420 4054 490 4100 cum
514 4033 601 4100 εἶναι
624 4035 868 4116 coniungeretur
890 4032 1083 4112 investigans
1105 4050 1186 4113 quae
1205 4028 1384 4096 Dindorfius

275 4141 447 4207 dissereret
475 4148 565 4206 recta
590 4160 660 4205 esse
683 4139 828 4220 cognovi,
861 4158 933 4202 nam
956 4136 1052 4202 verba
1074 4144 1235 4221 παρεῖναι
1258 4144 1292 4201 91
1313 4159 1381 4199 πα-

276 4252 499 4336 ραγίγνεσθαι
527 4252 560 4312 91
585 4244 752 4328 aliquando
779 4250 959 4327 γίγνεσθαι
995 4263 1066 4310 cum
1098 4239 1383 4325 praepositionibus
