3225 4734
685 256 873 323 ...6-

311 435 416 504 Conir.
440 438 498 520 Ap.
520 437 595 519 1,·7
624 436 760 505 πάντων
790 439 829 505 δὲ
855 439 1000 526 νεωτάτη
1022 437 1146 522 σχεδόν
1165 435 1239 508 ἔστι
1260 435 1340 525 παρ’

228 536 343 621 αύτοῒς
358 552 414 628 (se.
425 541 571 631 Ἕλλησι)
591 540 704 630 ηπερί
726 544 764 611 τό
784 545 993 633 συγγράφειν
1011 546 1072 622 τάς
1091 545 1241 633 ἱστορίας
1261 540 1339 612 ἒπι·

228 652 354 734 μέλεια.
398 656 437 715 14
466 659 571 717 ταῦτα
601 659 671 728 τοῖς
692 647 846 738 Ἓλλησιν
875 651 963 718 εἶναι
993 652 1087 718 δοκεῖ
1113 650 1249 718 πάντων
1277 647 1340 739 ἆρ-

227 754 403 839 χαιότατα.
432 758 471 822 21
497 766 561 822 τῶν
577 758 747 842 δημοσίων
760 759 968 844 γραμμάτων
989 756 1233 845 ἀρχαιοτάτους
1254 757 1345 824 εἶναί

228 884 314 948 φασι
337 860 415 939 τούς
438 858 505 928 {ari
525 862 714 948 Δράκοντος
731 900 769 912 -
786 870 975 953 γραφέντας
998 864 1130 951 νόμους.
1174 867 1215 929 26
1237 862 1342 941 υύτως

228 964 382 1054 ἐνόμιζον
403 962 498 1035 otiari
520 975 710 1055 φανεῖσθαι
736 969 875 1038 πάντων
895 965 1135 1057 άληθέστατοι.
1178 974 1239 1038 163
1261 970 1340 1037 τού-

229 1100 295 1141 των
322 1076 379 1160 (sc.
402 1084 469 1142 τῶν
497 1082 576 1161 περὶ
598 1074 811 1160 Πυθαγόραν
840 1078 1072 1165 ίστορηκότων)
1094 1075 1342 1165 ἕπισημύτατύς

230 1178 324 1249 ἔστιν
344 1180 544 1269 Ἕρμιππος.
587 1182 634 1263 ΙΙ,
661 1185 723 1250 130
755 1179 792 1259 ὃς
824 1179 900 1249 ούτε
932 1183 993 1261 τάς
1018 1180 1209 1270 Ἀθηναίων
1239 1182 1343 1267 τύχας

231 1284 307 1355 ούτε
333 1287 393 1365 τάς
413 1289 692 1374 Λακεδαιμονίων
712 1285 906 1374 ἐνενόησεν,
936 1285 981 1356 ὧν
1001 1289 1079 1367 τούς
1099 1294 1161 1375 μὲν
1183 1287 1341 1374 άνδρειο-

231 1394 352 1473 τάτους
381 1394 486 1476 εἶναι,
516 1397 593 1473 τούς
614 1396 653 1463 δὲ
675 1394 937 1479 εύσεβεστάτους
959 1407 1027 1464 τῶν
1042 1395 1204 1482 Ἑλλήνων
1225 1394 1339 1464 άπαν-

232 1525 285 1577 τες
299 1505 464 1583 λέγουσιν.
492 1505 554 1568 232
576 1498 640 1585 Ἆρ’
658 1498 716 1569 ούν
731 1541 769 1552 -
787 1503 849 1570 δύο
865 1499 884 1587 ἢ
899 1512 987 1590 τρεῖς
1001 1502 1084 1585 ἔγνω
1100 1529 1150 1581 τις
1172 1505 1343 1587 προδότας

234 1613 432 1693 γενομένους
457 1613 522 1674 τῶν
546 1607 656 1693 νόμων
677 1610 893 1694 (ludaeorum)
915 1608 934 1694 ἢ
956 1610 1110 1678 θάνατον
1129 1616 1344 1696 φοβηθέντας

234 1706 309 1797 ούχὶ
337 1713 394 1781 τόν
419 1710 544 1803 ῥᾷστον
562 1712 688 1781 ἐκεῖνον
709 1718 793 1798 λέγω
816 1715 875 1782 τόν
893 1724 1121 1801 συμβαίνοντα
1144 1725 1214 1794 τοῖς
1235 1741 1343 1803 μαχο-

234 1826 364 1905 μένοις,
392 1815 475 1888 άλλά
507 1820 565 1887 τόν
588 1821 672 1906 μετά
701 1822 802 1907 λύμης
829 1832 894 1889 τῶν
919 1824 1092 1908 σωμάτων,
1116 1820 1234 1900 ὁποῖος
1255 1823 1345 1901 εἶναι

235 1928 328 1995 δοκεῖ
347 1927 485 1994 πάντων
503 1928 755 2011 χαλεπάτατος;
781 1933 843 1995 279
866 1926 943 1995 ἐπεὶ
964 1937 1077 1996 τοίνυν
1099 1927 1116 1996 ὃ
1139 1931 1245 2008 πολύς
1265 1928 1342 2016 χρό-

236 2059 292 2111 νος
312 2034 509 2102 πιστεύεται
532 2033 669 2101 πάντων
690 2034 778 2102 εἶναι
800 2036 1003 2121 δοκιμαστὴς
1023 2033 1262 2122 άληθέστατος.

318 2143 367 2207 De
388 2140 546 2207 Maccabb.
569 2144 589 2206 2
611 2161 641 2223 p.
663 2144 740 2222 271,
762 2144 803 2206 28
824 2141 1006 2230 κυριωτάτη
1030 2142 1068 2208 δὲ
1089 2145 1210 2209 πασῶν
1232 2142 1345 2227 (ἰδεῶν

236 2249 292 2334 της
313 2249 450 2333 σοφίας)
472 2244 490 2335 η
513 2246 684 2335 φρόνησις.
1355 2240 1358 2245 ’

319 2355 377 2421 His
397 2355 472 2422 locis
493 2356 652 2421 sententia
676 2375 713 2422 ea
735 2362 794 2437 est,
817 2361 855 2421 ut
869 2356 1056 2422 Germanice
1078 2357 1231 2422 articulus
1252 2373 1343 2437 prae·

237 2462 340 2530 dicato
361 2462 524 2528 addendus
545 2463 598 2542 sit,
621 2462 743 2528 Graece
764 2483 827 2529 non
846 2463 903 2530 ita.
945 2464 1096 2547 Exempla
1121 2469 1228 2528 autem
1249 2462 1344 2528 alius·

237 2571 323 2638 medi
353 2570 539 2653 superlativi
570 2572 624 2654 qui
651 2572 825 2654 praedicati
855 2590 986 2638 munere
1014 2572 1175 2654 fungitur,
1207 2571 1260 2637 ubi
1288 2588 1345 2635 noa

200 2734 202 2737 .
239 2679 389 2745 Germani
427 2677 538 2744 eodem
575 2679 667 2745 modo
705 2681 873 2746 articulum
910 2699 972 2746 non
1009 2696 1214 2762 ponerem,
1247 2676 1345 2744 affero

238 2785 333 2851 haec:
978 2808 980 2813 ·

323 2891 540 2972 Antt.11‚80
564 2890 607 2957 σύ
629 2890 693 2978 γάρ
715 2915 773 2975 μοι
795 2894 856 2958 νύν
878 2888 1016 2978 δ’ριστος
1035 2897 1093 2957 καὶ
1115 2893 1252 2959 σύνεσιν
1274 2890 1346 2956 ἱκα-

241 2997 386 3075 νώτατος
407 2994 463 3064 ὑπ’
486 2997 615 3065 οἰκέτου
637 2992 761 3083 τούμού
786 2998 1049 3085 μεμαρτύρησαι.
1091 3000 1159 3078 XV,
1182 3004 1232 3079 10,
1254 3003 1284 3079 5,
1306 2999 1347 3061 32

242 3101 380 3193 άριστος
401 3100 506 3188 γάρ-ό
528 3106 681 3181 τοιοῦτος
701 3103 872 3189 λογισμός.
909 3106 994 3186 XVI,
1014 3109 1045 3186 2,
1066 3113 1086 3171 4
1108 3126 1136 3187 p.
1160 3109 1189 3186 6,
1211 3108 1252 3170 26
1275 3103 1348 3173 ἔστι

243 3237 292 3289 τις
320 3213 423 3297 δῆμος
450 3207 469 3296 η’
499 3210 597 3288 πόλις
624 3208 643 3298 ἢ
669 3211 781 3278 κοινόν
802 3210 903 3290 ἔθνος
925 3209 1133 3299 ἀνθρώπων,
1156 3212 1206 3289 οἷς
1229 3208 1267 3280 ού
1289 3217 1348 3298 μέ-

243 3339 359 3402 γιστον
385 3315 520 3400 άγαθδν
551 3324 698 3404 πέφηνεν
719 3316 737 3406 η
763 3325 956 3407 προστασία
975 3329 1030 3403 τῆς
1051 3315 1212 3406 ύμετέρας
1232 3314 1349 3407 άρχῆς;

244 3426 335 3507 ΧΙΧ,
357 3428 391 3505 1,
415 3425 471 3507 10,
490 3428 511 3489 2
536 3425 811 3512 δωροδοκώτατος
832 3426 897 3513 γάρ
919 3421 1035 3512 ἦνκαὶ
1060 3422 1350 3510 ύβριστικάτατος.

244 3534 282 3612 2,
302 3537 340 3612 ὖ,
360 3535 401 3596 25
430 3533 530 3598 τοῦτο
559 3531 597 3596 δὲ
617 3542 671 3610 (sc.
694 3532 731 3596 τό
757 3537 837 3616 περὶ
852 3529 982 3616 Ῥήγιον
1002 3537 1059 3597 καὶ
1081 3535 1234 3599 Σικελίαν
1255 3531 1352 3617 ἔργον

245 3634 431 3713 ἐπικτηθὲν
460 3636 507 3714 εἷς
535 3634 705 3721 ύποδοχην
733 3646 797 3702 τῶν
822 3640 962 3718 πλοίων)
992 3634 1261 3722 ὁμολογουμένως
1292 3641 1350 3723 μέ-

244 3742 363 3829 γιστόν
383 3769 420 3809 τε
440 3751 496 3809 καί
519 3740 776 3830 ὠφελιμώτατον
799 3752 869 3820 τοῖς
889 3746 1061 3812 πλέουσιν.

333 3850 411 3916 Beli.
435 3851 501 3916 lud.
524 3851 548 3931 Ι,
573 3855 601 3931 1,
625 3853 654 3931 6,
675 3854 695 3915 4
717 3856 836 3937 φανεὶς
857 3848 996 3936 άριστος
1016 3849 1101 3915 κατά
1124 3850 1183 3937 την
1204 3850 1321 3935 μάχην.

331 3960 380 4023 De
394 3956 584 4023 Maccabb.2
604 3977 635 4039 p.
646 3959 718 4037 272,
740 3961 760 4021 ό
782 3956 819 4023 ἒν
840 3958 880 4045 τῇ
902 3953 1002 4047 ἡδονῇ
1025 3958 1063 4023 δε’
1084 3957 1155 4024 ἐστι
1176 3963 1232 4023 καὶ
1255 3953 1274 4043 η
1293 3983 1354 4022 κα-

249 4062 373 4151 κοηθης
387 4062 559 4141 διάθεσις,
581 4062 867 4150 πολυτροπωτάτη
885 4061 1021 4127 πάντων
1036 4058 1124 4127 οὖσα
1139 4066 1205 4129 των
1220 4068 1355 4130 παθῶν.

334 4171 382 4235 Ne
408 4169 600 4236 ordinaiibus
627 4171 752 4251 quidem
784 4170 958 4250 praedicati
992 4189 1122 4235 munere
1154 4169 1356 4252 fungentibus

253 4276 420 4344 articulum
441 4277 569 4358 adiungi
591 4277 669 4341 haee
690 4276 926 4343 demonstrant:
